1720 2875
210 117 288 157 146
697 114 732 147 C.
759 113 967 148 SALLUSTI
992 113 1124 147 CRISPI

201 219 252 258 lia
273 218 483 264 mittundo,
522 224 721 268 postremo
739 217 870 256 omnis
887 217 1018 257 civitas
1036 229 1190 256 summo
1207 218 1337 257 studio
1354 219 1616 259 adnitebatur.

161 276 338 327 5ltaque
360 287 405 313 ex
427 274 623 313 sententia
645 273 829 313 omnihus
850 274 968 314 iebus
986 273 1129 336 ptaiatis
1150 274 1456 326 compositisque
1472 275 1514 315 in
1530 275 1614 314 Nu-

206 332 362 371 midiam
385 330 664 381 proficiscitm,
694 342 831 382 magna
853 343 922 382 spe
944 331 1082 370 civium
1113 342 1200 368 cum
1229 336 1389 382 propter
1417 332 1511 370 artis
1538 331 1614 371 bo—

204 400 274 427 nas
296 392 380 425 tum
402 399 594 434 maxume,
618 387 722 449 quod
744 387 951 426 advorsum
969 386 1117 426 divitias
1140 386 1325 426 invictum
1348 387 1522 427 animum
1543 401 1611 440 ge-

203 444 313 483 rebat
335 448 373 481 et
394 443 548 482 avaritia
583 443 879 494 magistratuum
910 449 1001 482 ante
1032 443 1068 482 id
1099 448 1255 494 ternpus
1275 443 1316 482 in
1338 443 1519 483 Numidia
1538 456 1613 483 no—

102 533 105 537 .
205 505 305 540 strae
327 512 419 550 opes
442 505 629 541 contusae
651 499 901 550 hostiumque
921 506 1054 538 auctae
1075 506 1196 538 erant.

128 560 180 596 ⁴4
314 555 391 594 Sed
412 555 480 594 ubi
500 556 541 594 in
563 556 731 595 Africam
754 556 873 602 venit,
897 556 1086 595 exercitus
1109 556 1143 594 ei
1165 555 1331 594 traditur
1353 569 1372 594 a
1392 555 1457 607 Sp.
1471 555 1614 595 Albino

199 612 434 664 proconsule
462 612 568 651 iners
590 612 753 659 inbellis,
784 625 911 663 neque
940 611 1102 663 periculi
1122 624 1248 664 neque
1276 612 1417 651 laboris
1445 612 1610 664 patiens,

200 669 330 720 lingua
352 681 469 720 quam
487 681 606 707 manu
623 668 856 719 promptior,
875 669 1082 720 praedator
1100 681 1145 707 ex
1167 668 1284 708 sociis
1307 675 1345 707 ct
1365 669 1447 720 ipse
1469 669 1611 720 praeda

154 738 173 770 2
198 725 390 773 hostium,
414 726 498 764 sine
519 725 682 775 imperio
705 731 743 764 et
763 725 955 764 modestia
976 725 1141 764 habitus.
1182 725 1236 763 lta
1259 725 1484 776 imperatori
1508 737 1609 764 novo

198 782 285 833 plus
307 794 353 821 ex
374 781 485 820 malis
507 781 682 820 moribus
704 781 976 820 sollicitudinis
998 793 1113 832 quam
1143 794 1188 820 ex
1211 782 1319 833 copia
1349 782 1517 820 militum
1540 794 1609 821 au-

87 873 93 883 ,
152 852 170 884 3
198 838 265 877 xili
281 843 348 877 aut
364 838 446 889 spei
464 838 590 877 bonae
607 838 826 877 accedebat.
850 838 993 877 Statuit
1014 843 1147 876 tamen
1163 837 1350 883 Metellus,
1368 850 1611 889 quamquam

196 901 235 934 et
255 895 491 934 aestivorum
508 900 665 945 tempus
683 894 931 934 comitiorum
950 907 1058 933 mora
1075 894 1340 939 imminuerat,
1352 900 1390 933 et
1407 900 1610 945 exspecta-

196 952 306 990 tione
328 956 490 989 eventus
511 951 651 990 civium
671 951 825 990 animos
847 951 1022 990 intentos
1042 950 1214 1002 putabat„
1232 962 1314 989 non
1334 951 1440 1002 prius
1462 950 1610 990 bellum

197 1008 387 1059 attingere
409 1020 523 1059 quam
560 1007 750 1046 maiorum
781 1007 983 1058 disciplina
1020 1008 1161 1046 milites
1196 1007 1370 1045 laborare
1405 1007 1609 1058 coegisset.

151 1077 172 1108 4
198 1064 295 1104 Nam
313 1064 489 1113 Albinus,
507 1064 593 1103 Auli
604 1064 730 1103 fratris
743 1064 1014 1114 exercitusque
1032 1063 1138 1102 clade
1161 1064 1377 1113 perculsus,
1400 1069 1606 1115 postquam

197 1121 420 1160 decreverat
440 1132 520 1159 non
550 1120 681 1171 egredi
709 1120 918 1171 provincia,
941 1125 1131 1170 quantum
1156 1120 1342 1170 temporis
1371 1120 1608 1159 aestivorum

194 1177 235 1216 in
255 1177 420 1228 imperio
442 1177 528 1224 fuit,
555 1177 785 1228 plerumque
816 1176 958 1214 milites
988 1175 1136 1214 stativis
1164 1175 1299 1215 castris
1334 1175 1514 1223 habebat,
1534 1176 1612 1215 nisi

152 1246 171 1277 5
198 1247 284 1273 cum
308 1233 404 1272 odos
426 1239 492 1272 aut
512 1233 642 1284 pabuli
665 1238 812 1283 egestas
830 1233 957 1271 locum
976 1238 1128 1271 mutare
1144 1232 1361 1282 subegerat.
1384 1232 1461 1271 Sed
1479 1244 1607 1284 neque

198 1290 494 1335 muniebantur,
529 1301 656 1341 neque
689 1301 800 1328 more
832 1289 988 1328 militari
1010 1289 1157 1339 vigiliae
1201 1289 1514 1336 deducebantur;
1549 1284 1624 1328 uti*

199 1347 340 1398 cuique
362 1346 519 1385 lubebat
539 1346 585 1384 ab
608 1345 728 1395 signis
750 1346 899 1391 aberat3
915 1346 1011 1384 lixae
1026 1346 1208 1396 permixti
1229 1358 1317 1384 cum
1336 1345 1523 1384 militibus
1541 1345 1606 1384 diu

198 1409 398 1455 noctuque
414 1403 650 1452 vagabantur
671 1408 710 1441 et
732 1402 905 1453 palantes
928 1414 1038 1452 agros
1060 1407 1224 1449 vastare,
1246 1402 1350 1441 villas
1373 1413 1607 1453 expugnare,

195 1460 348 1512 pecoris
370 1465 409 1498 et
428 1459 711 1510 mancipiorum
735 1459 896 1510 praedas
924 1464 1115 1498 certantes
1144 1470 1269 1509 agere,
1301 1471 1423 1510 eaque
1454 1462 1606 1496 mutare

196 1529 284 1556 cum
305 1515 588 1555 mercatoribus
610 1516 700 1554 vino
721 1515 927 1554 advectitio
950 1521 989 1554 et
1009 1515 1091 1554 aliis
1112 1515 1275 1562 talibus3
1303 1521 1502 1566 praeterea
1522 1514 1611 1553 fru-

981 1614 1014 1646 4.
1055 1615 1206 1646 habebat:
1247 1614 1297 1646 Da
1329 1615 1401 1657 dib„
1413 1614 1606 1656 Uebergabe

936 1660 994 1692 des
1012 1659 1138 1692 Heeres
1167 1670 1207 1691 au
1233 1660 1313 1692 Met.
1343 1661 1445 1693 sehon
1476 1660 1608 1693 erziihlt

937 1705 990 1746 ist,
1019 1716 1053 1737 so
1080 1705 1202 1737 kiinnte
1220 1715 1293 1737 man
1310 1705 1383 1738 hier
1401 1706 1466 1738 und
1483 1706 1604 1738 weiter

195 1616 278 1653 sich.
297 1616 356 1648 der
373 1615 475 1647 Senat
491 1615 595 1646 durch
604 1614 778 1646 Ertheilen
798 1614 865 1646 sei-

195 1671 254 1694 ner
265 1660 524 1701 Genehmiguug,
543 1660 598 1692 die
615 1660 865 1701 ssundesgenos-

194 1717 252 1739 sen
269 1707 335 1738 und
353 1706 482 1747 Honige
500 1706 605 1737 durch
622 1705 864 1746 bereitwillige

194 1751 304 1784 Hiilfe.

240 1799 270 1829 5.
297 1800 327 1829 et
354 1798 500 1829 avaritia
522 1801 585 1828 ete.
612 1797 673 1828 Die
690 1794 864 1837 Ankniipf-

194 1853 262 1883 ung
277 1843 381 1874 durch
397 1845 429 1873 et
444 1842 508 1873 wie
527 1842 599 1874 Cat.
621 1842 671 1881 19,
690 1840 727 1880 23
745 1851 770 1872 s.
787 1841 864 1872 dort

194 1889 223 1920 d.
238 1890 332 1920 Anm.

239 1927 308 1965 44.
359 1935 386 1966 1.
424 1931 618 1975 praedator:
654 1941 767 1972 wegen
802 1931 859 1962 des

193 1979 286 2011 darin
305 1978 482 2019 liegenden
501 1977 783 2017 Verbalbegrilles
802 1976 861 2008 mit

193 2035 238 2056 eac
255 2024 457 2056 verbunden.

237 2071 332 2101 .‘.s·1ne
356 2070 535 2100 Ambitus:
568 2068 636 2109 vgl.
657 2078 697 2098 zu
715 2067 785 2099 Cat.
810 2067 860 2108 11,

194 2116 233 2146 5·
225 2125 368 2155 ,wegen
387 2116 526 2156 imperio
544 2124 583 2145 zu
602 2114 655 2154 39,
674 2114 703 2144 5.

241 2161 271 2192 3.
282 2161 398 2191 mstit'.
409 2162 580 2202 tempus:
586 2159 627 2197 ‚id
632 2155 861 2196 eiiirHriegs-

193 2207 495 2244 unteinehmungen
536 2183 708 2245 geeignete
749 2202 859 2233 Zeit“.

193 2252 236 2282 So
255 2252 344 2283 steht
360 2252 484 2282 nesti-m
501 2250 663 2290 gcradezu
675 2249 729 2280 fiir
739 2247 860 2287 „Feld-

193 2296 277 2337 zug“
306 2297 387 2327 llirt.
412 2296 443 2327 Β.
462 2295 500 2327 G.
522 2295 550 2335 8,
575 2296 616 2327 46
633 2293 862 2336 superioribus

192 2343 328 2373 aestivis
344 2341 482 2374 Galliam
497 2340 659 2372 dez-ictam
672 2339 861 2371 sz'ebactam-

193 2397 254 2428 que
271 2398 352 2417 essa.

237 2433 445 2464 comitiorum
463 2441 572 2463 mora:
590 2430 641 2462 die
660 2430 760 2461 sehon
777 2429 858 2470 37,2

192 2477 379 2516 erwiihnte3
400 2478 464 2518 vgl,
484 2488 524 2508 zu
541 2477 593 2514 39,
614 2476 632 2507 2
650 2486 681 2506 u.
699 2474 752 2514 43,
776 2474 803 2506 1.

238 2533 336 2564 qnam
361 2547 368 2554 .
395 2547 401 2553 .
427 2524 601 2563 coegisset:
635 2521 692 2552 das
726 2520 857 2552 Nahcrc

192 2569 246 2608 45,
264 2569 294 2599 2.

936 1750 1267 1792 plusquamperfecta
1285 1755 1462 1782 crwarten.
1489 1750 1608 1783 Allein,

936 1795 1015 1827 Sall.
1038 1796 1167 1827 erziihlt
1183 1795 1256 1827 hier
1272 1796 1362 1828 nicht
1376 1796 1508 1836 weiter,
1525 1807 1602 1828 son-

936 1840 1015 1872 dcrn
1040 1841 1204 1872 schildert
1222 1851 1283 1872 nur
1300 1841 1354 1873 die
1371 1841 1602 1881 eingerissene

935 1885 1138 1926 Unordnung
1164 1886 1229 1916 und
1259 1886 1330 1918 ihre
1360 1885 1530 1919 Ursachen
1559 1897 1599 1918 an

934 1930 1007 1962 sich
1024 1931 1141 1962 selbst.

977 1977 1008 2008 5.
1035 1975 1111 2007 din.-
1130 1987 1170 2007 zu
1189 1975 1241 2017 38,
1259 1976 1290 2007 3.

976 2021 1143 2064 palantes:
1166 2033 1206 2053 zu
1233 2021 1283 2060 18,
1308 2021 1337 2053 2.
1352 2041 1379 2045 -
1393 2021 1458 2053 Das
1475 2020 1603 2062 (friiher

932 2067 1196 2107 weggelassene)
1216 2070 1245 2098 et
1262 2067 1364 2099 findet
1380 2065 1457 2099 sich
1478 2067 1512 2098 in
1538 2067 1598 2099 den

934 2112 1114 2143 Handschr.
1157 2111 1224 2144 fast
1271 2113 1354 2144 ohne
1396 2112 1598 2152 Ausualnn03

932 2157 1110 2189 vielleicht
1123 2157 1169 2189 ist
1179 2157 1258 2189 aber
1266 2168 1305 2188 zu
1320 2157 1412 2189 lesen
1428 2157 1598 2198 vag-abau-
1614 2166 1618 2172 ·

933 2205 1011 2239 tum
1028 2204 1060 2233 ei
1073 2202 1236 2245 palantes.

969 2248 1211 2289 frumentum:
1244 2247 1304 2279 Die
1334 2249 1415 2279 riim.
1439 2247 1598 2279 Soldaten

933 2293 1089 2324 bekainen
1100 2293 1279 2324 monatlich
1290 2292 1532 2325 Lebensmittel
1541 2302 1599 2333 ge-

933 2338 1057 2377 licfert,
1071 2337 1191 2378 jedoch
1213 2338 1245 2369 in
1269 2339 1329 2369 der
1349 2337 1424 2378 Art,
1444 2338 1521 2369 dass
1539 2338 1598 2369 der

934 2383 1055 2414 &Verth
1077 2383 1253 2415 der-selben
1284 2383 1338 2415 bei
1362 2383 1421 2414 der
1444 2383 1597 2423 Zahlnng

931 2428 989 2459 des
1008 2428 1236 2468 halbjiihrigen
1256 2429 1336 2460 oder
1350 2428 1505 2469 jiihrigen
1523 2428 1597 2459 Sol-

931 2473 987 2504 dcs
1017 2473 1240 2513 abgerechnct
1268 2474 1392 2506 wnrde.
1441 2474 1514 2506 Nur
1542 2473 1596 2504 die

933 2518 1377 2561 ssundcsgenossentruppen,
1391 2519 1516 2550 welche
1526 2517 1596 2549 kei-

930 2573 991 2594 nen
1010 2564 1088 2595 Sold
1112 2575 1171 2596 aus
1190 2565 1261 2596 dem
1279 2564 1454 2596 Aerarium
1472 2563 1597 2595 erhiel-
