1720 2875
492 129 548 161 DE
574 128 713 161 BELLO
731 126 933 161 IUGURTH.
981 128 1016 160 c.
1044 127 1096 160 31.
1419 126 1492 166 131

91 245 182 272 cora
203 232 472 284 pervenerint:
496 231 570 271 nisi
590 231 689 269 forte
706 230 884 269 nondum
907 231 1023 269 etiam
1041 242 1108 268 vos
1131 228 1410 267 dominationis
1426 240 1494 266 eo-

91 301 181 328 rum
198 289 356 328 satietas
379 293 488 327 tenet
505 294 544 327 et
564 287 626 325 illa
642 299 759 338 quam
776 286 871 325 haec
890 293 1067 338 tempora
1088 286 1204 335 magis
1222 287 1386 336 placent,
1404 296 1493 323 cum

1521 232 1564 264 20

90 357 208 396 regna
225 345 458 396 provinciae,
481 345 583 393 leges
603 343 687 381 iura
707 342 860 386 iudicia,
883 343 981 381 bella
1001 348 1118 393 atque
1146 354 1270 392 paces,
1293 346 1493 392 postremo
1516 390 1522 397 .

86 402 220 441 divina
242 407 281 440 et
302 402 471 440 humana
493 399 621 438 omnia
638 411 761 449 penes
782 411 927 450 paucos
944 404 1066 444 erant,
1084 410 1152 436 vos
1176 404 1320 442 autem,
1345 398 1418 436 hoc
1434 401 1494 435 est

91 459 260 509 populus
276 457 486 501 Romanus,
502 455 633 494 invicti
650 455 696 494 ab
718 455 908 501 hostibus,
926 456 1180 506 imperatores
1202 454 1379 492 omnium
1396 464 1494 503 gen-

90 515 203 559 tium,
226 514 318 552 satis
341 511 544 551 habebatis
566 512 737 550 animam
759 512 950 550 retinere:
974 523 1065 550 nam
1086 510 1314 549 servitutem
1335 510 1494 561 quidem

91 570 179 621 quis
200 576 373 608 vostrum
394 581 575 607 recusare
596 565 789 607 audebat?
820 569 945 620 Atque
981 580 1064 618 ego,
1085 567 1240 605 tametsi
1277 567 1358 604 viro
1386 565 1496 616 flagi-

89 626 359 664 tiosissumum
396 624 588 663 existumo
624 625 771 676 inpune
808 624 989 663 iniuriam
1021 623 1228 675 accepisse,
1259 629 1391 661 tamen
1427 634 1494 660 vos

90 681 314 720 hominibus
338 681 658 720 sceleratissumis
679 681 891 731 ignoscere,
914 681 1099 732 quoniam
1122 682 1223 719 cives
1246 686 1350 725 sunt,
1369 691 1494 729 aequo

1522 572 1559 604 21

89 738 221 776 animo
244 743 410 788 paterer,
433 737 473 775 ni
497 737 759 776 misericordia
780 737 821 775 in
842 737 1056 788 perniciem
1077 749 1215 776 casura
1235 742 1351 774 esset.
1394 735 1494 773 Nam
1517 741 1559 772 22

92 799 128 832 et
148 794 235 839 illis,
258 799 449 845 quantum
480 793 772 844 inportunitatis
801 794 956 839 habent,
978 805 1116 844 parum
1139 799 1196 832 est
1227 793 1375 842 inpune
1397 791 1497 829 male

88 850 237 896 fecisse,
256 850 331 888 nisi
348 850 487 888 deinde
505 850 675 889 faciundi
692 850 846 888 licentia
863 850 1038 900 eripitur.
1058 855 1096 888 et
1114 848 1223 887 vobis
1240 855 1396 887 aeterna
1414 847 1496 886 sol—

87 906 246 945 licitudo
267 907 495 953 remanebit,
519 919 608 945 eum
628 906 863 957 intellegetis
886 912 951 945 aut
972 906 1223 944 serviundum
1245 917 1329 943 esse
1346 910 1411 943 aut
1427 915 1497 954 per

89 975 228 1001 manus
249 962 466 1001 libertatem
488 963 750 1001 retinendam.
774 963 870 1001 Nam
892 963 981 1001 fidei
998 962 1156 1013 quidem
1179 967 1246 1000 aut
1267 960 1496 999 concordiae

89 1032 189 1069 quae
210 1032 299 1070 spes
321 1018 408 1058 est‘?
426 1019 624 1058 Dominari
644 1020 697 1057 illi
715 1019 860 1063 volunt,
877 1032 944 1058 vos
960 1019 1073 1057 liberi
1091 1031 1196 1063 esse;
1218 1018 1346 1056 facere
1364 1016 1416 1055 illi
1433 1016 1496 1054 in-

86 1075 221 1121 iurias,
244 1088 310 1114 vos
327 1076 552 1126 prohibere3
569 1082 768 1126 postremo
788 1076 901 1114 sociis
919 1075 1060 1114 vostris
1077 1075 1195 1113 veluti
1211 1073 1402 1118 hostibus,
1420 1073 1494 1111 ho-

84 1132 210 1170 stibus
231 1144 302 1182 pro
324 1133 436 1171 sociis
457 1138 632 1171 utuntur.
655 1133 839 1170 Potestne
855 1132 896 1171 in
916 1138 998 1170 tam
1019 1131 1185 1170 divorsis
1208 1130 1403 1169 mentibus
1421 1141 1496 1180 pax
1521 1140 1528 1149 ·

133 1223 186 1254 20.
196 1224 369 1264 nisiforte
379 1248 386 1255 .
396 1248 403 1254 .
416 1225 466 1254 et:
478 1223 545 1263 vgl.
555 1223 625 1254 Cat.
637 1223 688 1263 20,
704 1223 753 1254 17.

134 1267 284 1299 nondum
299 1270 417 1299 eliam:
435 1267 540 1299 listers
559 1278 595 1300 so
611 1269 755 1299 verbun-

89 1313 162 1344 den.
217 1313 410 1354 Bedeutung
449 1312 497 1344 oft
512 1338 520 1354 ,
565 1313 630 1344 wie
669 1313 754 1351 hier,

86 1357 196 1398 ⁷,noch
209 1357 327 1389 iuhner
356 1358 482 1390 nicht‘fi
545 1358 675 1389 Anders
709 1358 755 1390 ist

89 1413 132 1434 zu
149 1403 284 1435 nehmen
303 1403 372 1434 Cic.
391 1414 420 1445 p.
440 1403 516 1435 Sex.
540 1403 635 1434 Rosc.
662 1403 692 1441 8,
712 1403 753 1434 23

88 1448 174 1479 hunc
185 1449 346 1480 miserum
365 1473 372 1480 .
391 1473 398 1480 .
418 1450 477 1490 qui
487 1447 634 1479 nondam
650 1449 754 1479 etiam

90 1494 204 1523 omnia
225 1495 362 1533 paterno
380 1495 507 1535 sunem'
526 1495 616 1525 iusta
636 1493 753 1525 solvis-

874 1223 927 1254 21.
966 1224 1103 1265 inpune:
1131 1232 1209 1261 ‚‚so,
1235 1221 1312 1252 dass
1350 1220 1410 1252 das
1429 1220 1497 1254 Un-

828 1269 923 1300 recht
939 1266 1127 1299 uubestraft
1144 1266 1290 1304 bleibt“;
1313 1265 1428 1306 ngzu
1440 1266 1494 1304 28,

830 1315 843 1344 1
866 1313 931 1344 und
951 1313 1003 1352 25,
1029 1314 1078 1345 11.

872 1368 968 1399 quon.
985 1359 1070 1389 cives
1086 1359 1186 1388 sunt.-
1208 1356 1292 1387 dena
1316 1365 1413 1386 weun
1446 1355 1494 1386 sie

826 1403 884 1434 das
914 1403 1006 1434 nicht
1035 1403 1171 1441 w'ziren,
1212 1412 1248 1432 so
1278 1400 1415 1431 wiirden
1443 1400 1495 1432 sie

827 1448 918 1479 nicht
935 1447 1059 1480 einmal
1076 1445 1134 1478 auf
1148 1447 1205 1478 das
1224 1445 1359 1477 Mitleid
1378 1445 1496 1486 irgend

826 1493 921 1524 einen
956 1492 1131 1534 Anspruch
1162 1491 1278 1523 haben.
1331 1489 1407 1522 Man
1442 1500 1496 1521 er-

86 1539 148 1576 set,
165 1537 292 1569 nudam
309 1539 386 1569 eicit
402 1538 510 1578 dnm-o,
539 1539 655 1570 womit
687 1539 753 1578 vgl.

91 1581 158 1613 Cic.
177 1582 210 1614 in
229 1582 300 1614 Cat.
322 1585 350 1623 1,
368 1584 400 1623 4,
421 1584 461 1614 10
489 1584 569 1615 lzaec
596 1593 656 1624 ego
685 1593 754 1614 om-

88 1628 169 1667 nia,
206 1627 351 1659 vixdum
382 1630 487 1660 etiam
517 1631 610 1660 coetu
643 1631 752 1660 vestro

87 1671 234 1713 dimisso,
253 1675 412 1716 comperi.

133 1716 193 1748 illa
216 1727 317 1758 qaam
345 1719 426 1750 llaec
455 1724 518 1750 etc.
579 1718 754 1750 Memmius

89 1762 219 1794 scheint
236 1768 338 1794 etwas
355 1763 443 1794 kiihn
467 1774 503 1795 so
522 1774 562 1794 zu
580 1764 753 1805 sprechen,

85 1807 140 1839 als
156 1817 252 1838 wenu
270 1808 324 1840 die
341 1808 420 1840 Zeit
437 1809 496 1840 der
520 1819 585 1839 von
614 1809 679 1840 ihm
696 1818 753 1849 ge-

88 1852 283 1884 wiinschten
316 1853 468 1886 Freiheit
497 1854 598 1885 sehon
631 1864 754 1895 gegen-

88 1898 213 1937 wiirtig
235 1898 336 1930 w'zire.
382 1898 429 1930 Er
455 1899 644 1939 vergleicht
673 1899 754 1931 aber

88 1952 195 1982 genau
212 1953 403 1983 genommen
430 1945 522 1975 mehr
550 1944 603 1975 die
633 1944 667 1975 in
694 1944 755 1976 der

88 1987 312 2029 Vorstellung
340 1988 576 2020 vorhandenen
607 1990 658 2020 als
701 1989 753 2020 die

89 2032 246 2064 wirklich
287 2035 389 2065 sehon
431 2034 583 2065 erlebten
623 2033 754 2074 Zeiten‚

89 2077 235 2110 n'amlich
251 2078 312 2110 den
327 2079 517 2119 bisherigen
531 2079 680 2111 Zustand
698 2079 757 2110 der

89 2121 308 2164 Unfahigkeit
338 2124 411 2156 sich
441 2134 479 2154 zu
509 2122 665 2162 befreien‚
695 2125 757 2155 den

91 2178 129 2199 er
144 2168 195 2199 als
224 2168 320 2201 einen
348 2179 584 2210 vergangenen
613 2169 757 2200 ansehen

91 2223 132 2243 zu
149 2212 267 2245 diirfen
290 2214 382 2254 hofft,
409 2214 469 2246 mit
496 2214 569 2245 dem
593 2213 756 2255 jetzigen,

91 2258 219 2333 woldas
233 2258 321 2291 Volk
338 2261 410 2292 sich
426 2259 560 2291 endlieh
576 2269 756 2291 ermannen

92 2312 128 2333 so
163 2312 189 2334 e.

133 2355 252 2388 paces:
271 2348 325 2380 ein
342 2350 490 2381 seltener
507 2348 633 2380 Plural.

136 2394 197 2424 Ιιοο
211 2396 275 2424 est:
289 2394 389 2426 weist
405 2394 665 2426 nachdriicklich
682 2394 757 2425 dar-

91 2436 152 2468 auf
176 2438 255 2478 hin,
291 2438 325 2469 iu
359 2439 519 2471 welehem
547 2439 756 2471 besonderen

92 2481 193 2516 Sinne
218 2483 276 2515 das
293 2483 574 2525 Vorhergehende
600 2489 756 2516 vei-stau—

92 2527 155 2559 den
172 2528 308 2560 werden
325 2528 400 2560 soll.
447 2529 538 2561 Eben
563 2540 598 2561 so
618 2530 703 2561 wird
721 2528 757 2560 z'd

92 2576 143 2604 est
159 2575 304 2613 gebraue
312 2574 359 2605 ht.

826 1538 928 1570 keunt
946 1538 1058 1570 hieria
1075 1537 1141 1568 und
1158 1537 1192 1568 in
1216 1537 1288 1568 dem
1320 1537 1388 1567 viro
1415 1535 1495 1577 fla-

822 1585 940 1624 gitios.
960 1588 1024 1614 ete.
1055 1583 1108 1614 die
1139 1582 1290 1614 sittliche
1319 1580 1494 1612 Auschau-

826 1628 1017 1668 uugsweise
1036 1628 1096 1659 der
1114 1627 1225 1658 Alten.

871 1675 905 1705 in
918 1682 1011 1714 pern.
1026 1683 1165 1704 casm-a:
1181 1681 1282 1712 „zum
1296 1670 1494 1702 Verderben

826 1718 1079 1758 ausschlagen“.
1127 1718 1187 1749 Die
1222 1715 1370 1758 periphr.
1401 1714 1494 1755 Conj.

826 1763 939 1795 behalt
948 1764 1018 1794 ihre
1035 1763 1123 1794 volle
1139 1762 1340 1801 Bedeutung,
1362 1771 1397 1792 so
1417 1760 1493 1792 dass

827 1818 949 1840 casm-a
966 1811 1054 1839 esset
1071 1808 1123 1840 ein
1151 1807 1346 1838 wil-kliches
1365 1805 1494 1845 (condi-

826 1854 983 1891 tionales)
1003 1852 1235 1895 Imperfectum
1253 1851 1304 1883 ist.

873 1909 926 1941 22.
962 1912 1126 1951 quantum
1160 1910 1285 1952 inport.
1315 1907 1452 1938 habent:
1484 1922 1499 1932 =

824 1964 886 1997 pro
904 1954 974 1993 illa,
991 1966 1074 1996 quae
1089 1957 1182 1986 tanta
1209 1955 1244 1985 in
1273 1954 1321 1984 eis
1349 1955 1415 1992 est,
1444 1954 1498 1983 ιἰι-

825 2001 1043 2042 portanitate.

872 2044 1006 2076 deinde:
1038 2061 1052 2071 =
1080 2047 1115 2076 in
1144 2047 1317 2086 posterum
1345 2042 1402 2073 hat
1431 2042 1494 2074 den

827 2090 898 2123 Tou
916 2091 981 2121 und
998 2091 1116 2131 gehort
1135 2101 1197 2121 nur
1215 2100 1254 2120 zu
1271 2085 1437 2130 faciundi.

874 2148 904 2177 et
920 2146 1008 2176 vobis
1032 2170 1039 2176 .
1059 2170 1066 2177 .
1087 2170 1094 2177 .
1112 2145 1317 2177 remanebit.-
1345 2144 1420 2174 Mau
1446 2152 1501 2174 er-

829 2190 933 2231 g‘auze
950 2191 1033 2222 auch
1050 2191 1124 2222 hier
1141 2190 1194 2222 die
1219 2190 1411 2228 Bedingung
1433 2189 1503 2219 nisi

829 2235 860 2267 d.
878 2236 907 2277 f.
926 2235 977 2267 lle.
995 2237 1043 2266 eis
1059 2238 1170 2278 erepta
1186 2236 1258 2267 erit.

870 2302 932 2334 per
948 2302 1085 2323 manus.-
1114 2290 1199 2332 „auf
1220 2291 1292 2322 dem
1310 2289 1417 2331 Wege
1435 2289 1496 2320 der

831 2336 1006 2370 Gewalt“;
1044 2342 1138 2368 sonst
1166 2337 1255 2368 steht
1280 2345 1394 2376 manu,
1431 2334 1496 2365 wie

831 2381 952 2424 oben§
973 2381 1012 2414 18
1036 2382 1100 2413 und
1124 2380 1220 2413 o'fter.
1276 2380 1365 2412 Aber-
1391 2389 1496 2411 mana

827 2426 1034 2460 retinendam
1052 2427 1165 2458 wiirde
1190 2426 1295 2458 leicht
1326 2425 1380 2457 ein
1407 2423 1497 2456 Mis-

829 2472 987 2504 verst'zind
996 2471 1046 2503 nis
1064 2472 1178 2512 geben.

875 2527 927 2558 24.
953 2529 988 2558 ίιι
1012 2530 1091 2560 tam.
1110 2527 1174 2559 div.
1191 2527 1354 2560 mentibus
1365 2540 1376 2558 .·
1391 2541 1406 2553 =
1423 2536 1498 2559 cum

829 2575 898 2604 tam
916 2571 1070 2606 divorsae
1087 2574 1153 2604 sint
1172 2575 1309 2604 mentes.

1224 2630 1267 2663 9*

1522 967 1563 1000 23
