1720 2875
429 818 500 871 EX
522 818 563 858 C.
586 818 829 858 SALLUSTI
852 818 1012 858 CRISPI
1035 818 1380 859 HISTORIARUM

725 910 876 943 LIBRO
913 910 1070 943 PRIMO

345 990 664 1039 ORATIO
701 991 760 1039 L.
801 990 1058 1039 MARCI
1094 990 1468 1038 PHILIPPI

754 1097 802 1135 IN
826 1096 1036 1135 SENATU.

533 1186 634 1226 (Hist.
658 1185 775 1227 fragm.
806 1187 835 1227 1,
861 1187 900 1220 51
930 1185 991 1218 ΗΓ.
1020 1188 1049 1227 1,
1075 1188 1118 1219 5ss
1143 1186 1173 1218 k.
1203 1186 1258 1226 Α.)

283 1412 491 1467 ‘Maxume
511 1426 662 1474 vellem,
692 1432 824 1479 patres
857 1427 1081 1478 conscripti,
1111 1439 1195 1468 rem
1217 1425 1411 1479 publicam
1434 1427 1608 1479 quietam

193 1495 279 1523 esse
300 1489 368 1522 aut
388 1484 429 1522 in
451 1483 635 1534 periculis
658 1496 677 1522 a
699 1484 1013 1536 promptissumo
1042 1495 1200 1534 quoque
1229 1483 1410 1529 defendi3
1438 1484 1609 1535 denique

192 1551 309 1591 prava
332 1540 484 1591 incepta
508 1539 804 1579 consultoribus
828 1553 951 1579 noxae
968 1553 1067 1579 esse.
1101 1540 1177 1579 Sed
1193 1545 1329 1578 contra
1346 1539 1608 1580 seditionibus

191 1597 323 1635 omnia
340 1596 496 1635 turbata
514 1602 618 1640 sunt,
641 1602 679 1635 et
699 1596 746 1636 ab
767 1596 834 1638 eis.
852 1609 949 1649 quos
967 1596 1176 1648 prohibere
1194 1597 1316 1647 magis
1333 1597 1517 1645 decebat3
1535 1609 1609 1648 po—

190 1658 353 1699 stremo,
377 1665 477 1704 quae
498 1653 675 1704 pessumi
697 1659 736 1692 et
757 1653 992 1692 stultissumi
1013 1653 1232 1700 decrevere,
1262 1665 1305 1692 ea
1334 1651 1448 1692 honis
1478 1659 1516 1692 et
1542 1665 1609 1692 sa·-

188 1708 389 1760 pientibus
409 1709 592 1748 faciunda
614 1716 718 1748 sunt.
769 1709 867 1748 Nam
897 1710 1043 1749 bellum
1064 1715 1182 1760 atque
1210 1721 1336 1755 arma,
1365 1721 1607 1760 quamquam

187 1764 300 1804 vobis
321 1765 457 1811 invisa,
486 1772 640 1811 tamen,
673 1766 763 1817 quia
792 1766 939 1817 Lepido
962 1767 1141 1817 placent,
1173 1765 1367 1804 sumunda
1390 1770 1500 1804 sunt:
1531 1765 1609 1804 nisi

191 1821 293 1860 forte
315 1821 377 1860 eui
398 1834 534 1873 pacem
557 1828 756 1873 praestare
785 1827 822 1860 et
848 1822 992 1861 bellum
1016 1822 1096 1873 pati
1118 1822 1324 1860 consilinm
1348 1827 1419 1860 ost.
1470 1821 1546 1860 Pro
1568 1821 1607 1861 di

191 1877 299 1925 boni,
321 1878 388 1929 qui
409 1877 509 1917 hanc
533 1878 668 1917 urbem
691 1878 834 1917 amissa
856 1879 963 1917 curia
984 1879 1111 1917 adhuc
1131 1876 1280 1929 tegitis!
1332 1878 1381 1916 M.
1404 1877 1605 1924 Aemilius,

234 1970 262 2001 1.
289 1978 397 2011 prava
426 1970 557 2011 incepta
582 1973 645 2000 etc.
685 1969 796 2001 Varro
820 1969 859 2000 (le

186 2023 213 2044 r.
233 2023 261 2044 r.
286 2013 316 2053 3,
337 2013 356 2044 2
381 2013 535 2045 erwiibnt
558 2014 608 2045 als
632 2014 861 2056 spriichwo'i·t-

185 2057 255 2089 lich
272 2058 333 2089 (len
345 2058 433 2090 Vers
449 2058 579 2090 malum
593 2059 767 2091 eonsz'lc‘mn
783 2069 859 2091 eon-

186 2103 312 2135 sultori
325 2106 375 2135 est
388 2105 586 2146 pessimum.

232 2147 292 2179 sed
302 2151 419 2180 contra
434 2153 498 2180 etc.
522 2148 720 2190 Anaphora3
736 2149 788 2181 die
797 2147 861 2181 fol-

184 2194 312 2233 genden
340 2193 411 2225 drei
431 2193 610 2226 Gedanken
636 2195 858 2235 entsprechen

185 2237 317 2270 einzeln
342 2239 445 2270 denen
465 2238 525 2270 der
543 2239 681 2279 vorigen
700 2239 856 2271 Periode.

229 2285 260 2314 et
281 2283 323 2314 ab
347 2285 414 2315 eis:
437 2294 478 2315 zu
501 2283 566 2324 lug.
593 2283 646 2324 85,
665 2284 695 2316 3.
715 2303 756 2307 —
775 2284 858 2316 Zum

185 2325 367 2360 Gedanken
392 2329 460 2368 vgl.
479 2329 548 2360 Cic.
572 2339 601 2370 p.
621 2328 706 2361 Sest.
728 2329 779 2369 19,
798 2330 857 2360 42:

184 2382 258 2403 cmn
285 2372 430 2405 viderem
455 2398 461 2405 .
480 2398 488 2406 .
511 2377 675 2413 senatum,
699 2376 772 2405 sine
796 2384 857 2416 quo

184 2418 303 2449 civitas
325 2421 416 2450 stare
440 2429 503 2449 mm
525 2422 646 2461 posset,
668 2421 802 2451 omnino
820 2419 859 2451 de

183 2463 318 2494 civitate
334 2474 406 2494 esse
422 2463 606 2504 sublatum,
624 2464 785 2504 eonsules,
802 2466 861 2506 qul

183 2506 282 2539 duces
302 2508 428 2550 publici
451 2509 588 2540 consilii
607 2520 678 2541 esse
693 2509 854 2549 deberent,

179 2552 382 2595 perfecisse,
415 2556 454 2584 ut
483 2564 544 2596 per
572 2555 663 2597 ipsos
686 2553 855 2597 publicum

932 1968 1111 2000 consilium
1135 1968 1297 2010 funditus
1318 1967 1509 2008 teneretur,-
1539 1969 1607 2000 und

933 2013 1087 2046 ebendas.
1106 2015 1157 2053 15,
1173 2013 1225 2055 35,
1244 2014 1371 2046 welche
1387 2013 1491 2046 Stelle
1504 2018 1606 2046 unten

931 2070 972 2091 zu
989 2057 1010 2101 ξ
1033 2060 1071 2092 15
1089 2057 1267 2100 angefiihrt
1284 2059 1342 2091 ist.

975 2107 1157 2147 postremo:
1174 2115 1214 2135 zu
1232 2103 1303 2136 Cat.
1321 2105 1375 2144 51,
1393 2103 1447 2135 33.

978 2151 1008 2180 2.
1032 2160 1149 2192 pacem
1165 2151 1360 2191 praestare:
1385 2147 1458 2179 Liv.
1477 2147 1532 2188 42,
1552 2147 1606 2188 13,

932 2194 950 2224 5
978 2194 1009 2225 in
1037 2195 1096 2226 der
1114 2194 1202 2226 Rede
1225 2193 1282 2225 (les
1299 2194 1464 2225 Eumenes
1483 2203 1524 2224 an
1541 2194 1605 2225 den

932 2238 1034 2271 Senat
1062 2238 1232 2279 videbam,
1261 2249 1361 2280 quam
1392 2240 1493 2281 inpar
1520 2240 1606 2270 esset

930 2295 1014 2324 sors,
1032 2295 1109 2316 cum
1125 2284 1180 2316 ille
1190 2283 1360 2323 (Perseus)
1374 2284 1463 2315 vobis
1479 2282 1605 2315 bellum

927 2332 1082 2372 pararet,
1101 2339 1154 2360 vos
1170 2330 1203 2360 ei
1216 2339 1372 2361 securam
1381 2338 1498 2371 pacem
1506 2337 1606 2371 prae-

931 2377 1087 2406 staretis:
1119 2384 1321 2416 quamquam
1355 2375 1443 2406 milli
1472 2372 1606 2414 quidem

930 2429 995 2450 non
1012 2429 1138 2461 parare
1154 2418 1213 2450 sed
1223 2430 1346 2460 gerere
1359 2429 1465 2462 paene
1480 2417 1606 2450 bellum

932 2464 1113 2496 videbatur.

977 2511 1108 2541 amissa
1125 2511 1242 2541 curia:
1267 2508 1360 2550 Conj.
1380 2519 1412 2540 v.
1433 2506 1477 2539 M.
1495 2507 1604 2549 Haupt

931 2553 987 2586 fiir
1015 2556 1141 2586 mne'ssa
1170 2564 1253 2586 eura
1284 2553 1404 2594 (wobei
1428 2563 1500 2585 man
1525 2552 1604 2583 den-
