1720 2875
417 126 473 158 DE
499 125 639 158 BELLO
664 125 863 159 IUGURTH.
909 124 945 156 C.
964 125 1108 158 39—40.

1386 126 1461 164 141

64 227 171 280 perio
190 228 347 267 licentia
375 233 490 280 atque
517 229 668 268 lascivia
696 235 933 278 corruperat,
961 241 1008 267 ex
1036 229 1145 280 copia
1171 240 1302 267 rerum
1330 227 1466 266 statuit

65 284 137 324 sihi
156 284 252 323 nihil
273 285 509 336 agitandum.

175 341 335 380 Interim
357 342 504 380 Romae
525 340 563 378 C.
584 339 776 379 Mamilius
797 339 1023 379 Limetanus
1051 341 1233 379 tribunus
1255 340 1379 391 plebis
1401 352 1467 378 ro-
1486 344 1542 380 40

63 397 262 446 gationem
279 398 326 436 ad
343 398 530 448 populum
547 397 782 447 promulgat,
800 397 857 435 uti
874 405 1127 448 quaereretur
1142 398 1183 436 in
1201 410 1279 442 eos,
1298 409 1464 448 quorum

64 454 226 492 consilio
247 454 432 504 Iugurtha
453 453 579 491 senati
601 453 754 493 decreta
780 454 1021 504 neglegisset,
1044 454 1189 505 quique
1213 454 1259 492 ab
1283 467 1328 492 eo
1349 454 1390 492 in
1410 453 1466 492 le-

64 509 279 560 gationibus
301 516 367 548 aut
386 509 560 560 imperiis
576 511 763 560 pecunias
779 510 1030 561 accepissent,
1049 511 1116 561 qui
1132 511 1357 561 elephantos
1376 509 1467 560 qui-

66 578 142 617 que
163 568 340 616 perfugas
358 566 623 611 tradidissent,
644 567 739 605 item
761 565 896 618 quisse
918 580 1011 617 pace
1031 574 1097 606 aut
1111 567 1213 606 bello
1236 579 1324 605 cum
1340 565 1466 604 hosti-

64 622 137 661 bus
157 622 357 672 pactiones
386 622 583 661 fecissent.
624 623 725 662 Huic
751 624 944 674 rogationi
970 624 1112 675 partim
1142 623 1287 662 conscii
1314 622 1385 661 sibi
1407 622 1469 661 alii
1494 625 1515 657 2

65 691 109 717 ex
130 678 299 728 partium
319 678 459 717 invidia
480 679 650 730 pericula
670 685 904 725 metuentes,
928 680 1113 731 quoniam
1135 686 1268 730 aperte
1287 679 1472 718 resistere

64 746 143 774 non
164 741 343 784 poterant
373 735 468 785 quin
494 736 557 774 illa
578 743 616 775 et
644 737 716 775 alia
746 737 832 775 talia
861 737 1014 787 placere
1042 736 1116 775 sibi
1143 737 1371 781 faterentur,
1403 748 1471 774 oc-

65 791 166 830 culte
186 803 257 841 per
277 792 422 830 amicos
443 805 486 831 ac
507 805 690 832 maxume
713 805 781 843 per
801 793 980 832 homines
1004 793 1175 831 nominis
1196 792 1324 831 Latini
1347 798 1386 831 et
1406 804 1472 830 so-

65 847 144 886 cios
164 847 316 887 Italicos
337 848 616 899 impedimenta
637 850 839 900 parabant.
880 849 956 888 Sed
978 850 1112 900 plebes
1133 849 1362 888 incredibile
1383 860 1470 886 me-
1496 850 1517 882 3

63 910 219 943 moratu
240 911 299 943 est.
315 918 430 956 quam
445 905 595 944 intenta
607 906 729 945 fuerit
745 912 968 957 quantaque
981 906 1015 944 vi
1030 906 1275 955 rogationem
1291 905 1470 949 iusserit3

63 960 183 1010 magis
206 961 296 1000 odio
318 962 545 1008 nobilitatis,
575 963 637 1002 cui
657 964 756 1002 mala
783 963 846 1002 illa
875 963 1127 1014 parabantur,
1152 958 1274 1013 quam
1302 973 1391 1000 cura
1413 961 1470 999 rei

62 1017 259 1069 publicae:
282 1023 388 1057 tanta
410 1019 541 1057 lubido
563 1019 605 1058 in
626 1020 800 1070 partibus
823 1026 915 1058 erat.
948 1019 1069 1070 Igitur
1089 1018 1228 1057 ceteris
1250 1024 1359 1056 metu
1380 1030 1471 1068 per-
1495 1020 1517 1051 4

63 1073 180 1114 culsis
200 1074 248 1112 M.
273 1074 453 1119 Scaurus,
471 1088 588 1126 quem
610 1076 776 1126 legatum
799 1076 948 1114 Bestiae
969 1076 1091 1114 fuisse
1111 1087 1227 1126 supra
1249 1074 1470 1119 docuimus,

64 1131 167 1170 inter
188 1131 369 1170 laetitiam
391 1132 513 1182 plebis
535 1138 574 1171 et
595 1144 756 1171 suorum
779 1133 922 1182 fugam,
946 1133 1097 1183 trepida
1119 1133 1235 1170 etiam
1264 1138 1347 1170 tum
1378 1131 1469 1170 civi—

63 1192 156 1233 tate,
179 1200 267 1226 cum
290 1200 335 1226 ex
356 1188 523 1228 Mamilia
539 1189 740 1240 rogatione
761 1194 838 1227 tres
857 1189 1098 1240 quaesitores
1115 1195 1358 1238 rogarentur,
1377 1187 1472 1226 effe-

65 1250 182 1291 cerat,
204 1245 262 1283 uti
288 1243 371 1294 ipse
393 1245 433 1283 In
455 1258 500 1284 eo
529 1257 694 1284 numero
731 1252 943 1284 crearetur.
985 1245 1060 1284 Sed
1091 1244 1267 1296 quaestio
1303 1245 1470 1283 exercita
1494 1255 1514 1286 5

65 1347 394 1425 Wiinkpgxiiitaithgezss
398 1348 643 1432 ιῖῗξῖῗίὶθνξΐέε
647 1347 728 1424 ςκῗιΙΙξ

64 1437 109 1469 im
125 1439 405 1471 Aufreehthalten
423 1440 481 1469 der
489 1437 726 1478 Mannszucht3

65 1484 168 1515 daher
197 1483 280 1515 kurz
303 1484 393 1516 diese
427 1484 568 1516 letztere
599 1483 728 1521 selbst3

65 1530 119 1568 44,
142 1531 169 1562 1.

110 1575 218 1616 copia:
247 1573 432 1615 iiber-haupt
455 1575 536 1614 „das
559 1573 632 1605 sich
645 1574 728 1605 Dar-

66 1619 231 1659 bietwde,
253 1618 326 1650 sich
351 1619 516 1659 Gebende,
534 1619 728 1650 Vorhaude-

65 1665 140 1703 ne“,
157 1664 337 1704 gleichviel
354 1665 394 1696 ob
425 1665 477 1696 die
506 1663 623 1704 Menge
653 1665 728 1695 des-

65 1709 178 1741 selben
196 1708 288 1749 gross
308 1710 387 1742 oder
404 1710 494 1741 klein
512 1710 568 1741 ist.
618 1709 730 1741 Daher

63 1765 110 1786 εει·
124 1757 216 1797 copia
233 1764 347 1786 rerum
372 1757 478 1795 „nach
508 1756 568 1787 der
585 1756 729 1786 vorhan-

65 1800 374 1841 deuen‚gegebeneu
387 1800 475 1841 Lage
493 1801 552 1832 der
565 1801 726 1832 Sachen“.

69 1845 142 1886 νεὶ.
163 1846 215 1883 54,
233 1848 272 1885 9;
291 1846 345 1885 98,
363 1846 393 1877 3.

110 1884 174 1921 40.
203 1893 230 1924 1.
257 1890 528 1922 interim-Romae
545 1895 606 1921 etc.
635 1891 730 1921 Auch

66 1935 118 1966 die
137 1937 296 1968 uunmehr
313 1936 483 1968 erzahlten
498 1934 654 1968 Vorfk‘ille
672 1945 731 1976 ge-

64 1981 167 2011 hiiren
186 1982 268 2013 noch
289 1982 323 2012 in
353 1981 382 2012 d.
415 1982 496 2012 Jahr
525 1982 590 2012 645
624 1981 724 2019 (109).

66 2026 98 2057 In
117 2025 220 2066 Folge
238 2027 297 2057 der
314 2026 569 2066 Untersuchung
592 2026 729 2057 wurden

66 2070 179 2103 ausser
211 2072 324 2103 vielen
357 2072 499 2103 anderen
540 2072 575 2102 C.
610 2071 731 2110 BestIa,

66 2117 120 2157 Sp.
153 2116 307 2157 Albinus,
335 2116 371 2148 L.
406 2116 578 2159 Oppimius
611 2126 730 2147 verur-

65 2160 177 2192 theilt.
194 2161 239 2193 M.
258 2162 404 2194 Scaurus
423 2162 503 2202 (vgl.
535 2161 554 2203 ξ
574 2162 604 2200 4)
634 2162 729 2192 hatte

67 2206 138 2238 sich
154 2217 195 2238 zu
212 2212 322 2239 retten
338 2206 635 2248 gewasst.—Vgl.
645 2206 730 2238 auch

68 2251 136 2282 Cic.
154 2251 245 2283 Brut.
265 2254 316 2292 14,
337 2254 408 2286 128.

111 2296 327 2338 neg-legisset.-
345 2298 412 2338 vgl.
431 2298 502 2329 Cat.
522 2298 576 2337 51,
594 2298 648 2328 24.

113 2341 142 2372 2.
165 2343 332 2383 partium:
365 2343 474 2374 Damit
502 2343 549 2374 ist
578 2342 632 2373 die
664 2341 730 2373 Ge·-

68 2387 255 2427 genpartei,
274 2387 325 2419 die
342 2388 400 2419 des
426 2388 543 2429 Volks‚
572 2388 727 2428 gemeint,

67 2431 134 2463 wie
150 2431 169 2472 ς’
188 2432 205 2462 3
224 2442 254 2462 u.
285 2434 336 2472 41,
359 2435 393 2471 13
422 2434 475 2473 73,
499 2434 529 2464 4.
580 2432 646 2465 Der
664 2433 730 2465 Ge-

68 2477 160 2508 netiv
179 2478 270 2508 steht
291 2477 375 2508 daun
397 2478 517 2510 anders
543 2489 583 2509 zu
606 2478 731 2509 Invidia

68 2522 117 2552 als
136 2520 206 2553 Cat.
223 2522 276 2560 22,
300 2524 318 2554 3
336 2523 399 2553 und
430 2523 481 2554 als
513 2524 571 2555 das
600 2525 730 2565 Adject.

58 2568 242 2608 fraternae
258 2567 324 2607 lug.
351 2568 404 2608 39,
422 2569 458 2608 ὃς
490 2569 652 2600 vielmehr
683 2579 731 2609 so,

800 1347 867 1379 wie
906 1347 939 1378 in
975 1347 1080 1378 einem
1118 1346 1248 1386 Fragm.
1286 1346 1344 1377 des
1381 1345 1465 1377 Sall.

802 1393 900 1432 (Hist.
922 1395 949 1431 1,
969 1393 1009 1423 57
1029 1390 1087 1422 fir.
1109 1391 1151 1423 62
1171 1391 1201 1422 k.
1221 1391 1273 1426 A.)
1291 1391 1404 1422 multa
1432 1416 1438 1422 .
1458 1414 1465 1422 .

796 1440 907 1480 primo
922 1448 980 1480 per
997 1436 1239 1478 ignobilitatem
1262 1435 1380 1468 deinde
1406 1445 1468 1478 per

800 1483 960 1514 invidiam
1006 1484 1210 1525 scriptorum
1263 1481 1466 1513 incelebrata

799 1529 836 1568 [ε
852 1539 915 1560 non
933 1528 1114 1566 celebrata)
1131 1529 1221 1558 sunt.

844 1587 922 1626 quin
941 1609 947 1615 .
969 1609 976 1616 .
996 1609 1002 1615 .
1019 1584 1230 1626 faterentur:
1257 1584 1365 1623 „ohne
1385 1582 1466 1614 eben

802 1630 947 1661 dadurch
965 1640 1003 1660 zu
1020 1630 1177 1669 gestehen
1198 1631 1286 1660 etc.“

841 1697 902 1730 per
918 1688 1068 1718 homines
1093 1690 1158 1718 etc.
1196 1685 1262 1725 vgl.
1294 1696 1335 1716 zu
1363 1685 1418 1726 39,
1435 1684 1465 1715 2.

801 1731 985 1764 Vielleicht
1014 1731 1137 1762 sollten
1163 1731 1254 1762 diese
1278 1731 1382 1761 durch
1404 1729 1468 1761 wi-

802 1777 1064 1809 derrechtliches
1085 1776 1301 1807 Mitstimmen
1329 1775 1381 1806 die
1399 1774 1465 1806 Ro-

802 1822 917 1863 gation
937 1833 976 1854 zu
994 1821 1089 1853 Falle
1108 1821 1245 1861 bringen
1265 1821 1345 1852 oder
1363 1820 1468 1852 durch

803 1867 958 1900 Uni-uben
1004 1866 1055 1898 die
1094 1877 1198 1907 ganze
1236 1866 1469 1906 Abstimmung

803 1913 984 1945 vereiteln.

849 1970 878 2001 3.
922 1971 1080 2002 iusserit.-
1118 1968 1179 2001 Die
1211 1968 1467 2008 gebrauchliche

803 2015 936 2047 Formel
955 2015 1015 2046 der
1038 2014 1286 2053 Aufforderung
1314 2024 1373 2044 zur
1403 2012 1468 2044 Ge-

802 2060 1000 2102 nehmigung
1017 2061 1110 2091 einer
1123 2059 1286 2100 Rogation
1306 2069 1376 2090 war
1394 2057 1469 2088 veli-

802 2109 855 2145 tis,
873 2107 1025 2145 subeatis,
1047 2106 1201 2146 Quirites.

846 2153 877 2182 4.
895 2153 1045 2193 jag-mn.-
1062 2151 1203 2182 bildlich
1221 2160 1284 2182 von
1298 2151 1357 2181 der
1370 2147 1473 2179 velli-

801 2207 863 2237 geu
882 2196 1151 2236 Muthlosigkeit,
1176 2196 1238 2227 wie
1269 2194 1352 2227 nach
1375 2193 1469 2224 einer

802 2242 1015 2282 Niederlage.

845 2296 993 2337 trepida:
1028 2296 1223 2327 bezeichnet
1258 2295 1310 2326 die
1352 2294 1469 2325 innere

801 2341 936 2374 Unruhe
964 2341 1029 2372 und
1059 2342 1292 2380 Yerwirrung,
1334 2340 1368 2370 in
1409 2339 1468 2370 der

803 2398 875 2418 man
893 2387 980 2418 nicht
998 2385 1105 2426 weiss,
1119 2396 1187 2417 was
1199 2397 1270 2418 man
1280 2386 1364 2417 thut.
1382 2385 1466 2416 Dar-

802 2443 861 2464 aus
879 2432 993 2462 wurde
1012 2433 1094 2462 nach
1119 2431 1199 2462 Sall.
1231 2431 1386 2471 Meinung
1413 2430 1467 2460 die

803 2477 908 2509 wahl
925 2478 981 2507 des
1002 2488 1075 2508 vom
1093 2477 1202 2508 Volke
1219 2477 1270 2508 als
1292 2475 1466 2507 mitschul—

804 2524 860 2563 dig
900 2523 1128 2563 augesehenen
1159 2521 1305 2554 Scaurus
1335 2520 1467 2552 erklar-

805 2569 883 2599 lich.
