1720 2875
442 137 498 169 DE
523 135 664 168 BELLO
688 133 890 168 IUGURTH.
939 133 975 165 C.
1003 133 1146 165 31—33.
1416 133 1496 172 133

206 242 310 280 Haec
332 246 447 291 atque
463 239 534 278 alia
550 238 710 277 huiusce
724 236 830 274 modi
846 236 998 287 saepius
1016 235 1185 273 dicundo
1202 234 1410 273 Memmius
1424 247 1499 286 po·
1519 241 1572 275 32

93 299 186 351 pulo
208 297 430 350 persuadet,
460 295 516 335 uti
539 295 579 332 L.
602 292 764 336 Cassius,
794 293 860 343 qui
886 300 971 331 tum
1000 298 1155 342 praetor
1177 297 1270 337 erat,
1292 292 1338 330 ad
1362 291 1499 342 Iugur-

94 357 205 395 tham
226 355 458 398 mitteretur,
481 361 649 400 eumque
670 348 897 400 interposita
920 350 995 387 fide
1024 348 1175 398 publica
1197 348 1359 387 Romam
1382 347 1501 387 duce-

94 419 166 458 ret,
189 424 267 463 quo
294 409 442 448 facilius
469 406 610 446 indicio
637 404 738 455 regis
761 405 894 444 Scauri
916 411 953 443 et
981 405 1231 455 reliquorum,
1261 417 1358 456 quos
1379 417 1501 456 pecu-

94 470 183 508 niae
203 473 335 518 captae
355 463 584 507 arcessebat,
605 462 742 500 delicta
762 461 1000 512 patefierent.

208 525 308 562 Dum
328 522 422 559 haec
442 520 588 558 Romae
610 524 813 569 geruntur,
837 519 901 568 qui
923 518 964 556 in
985 519 1166 557 Numidia
1188 519 1309 558 relicti
1331 532 1352 558 a
1374 520 1500 559 Bestia
1525 525 1544 556 2

96 581 280 620 exercitui
296 582 512 629 praeerant,
529 574 650 613 secuti
669 586 818 612 morem
835 574 1078 625 imperatoris
1099 576 1159 614 sui
1181 575 1360 626 pluruma
1377 582 1416 615 et
1434 576 1501 616 ssa-

96 636 357 688 gitiosissuma
378 632 549 671 facinora
569 632 707 670 fecere.
738 630 862 670 Fuere
884 631 949 682 qui
967 644 1060 671 auro
1084 632 1257 683 corrupti
1277 633 1500 684 elephantos
1527 637 1546 668 3

94 692 300 744 Iugurthae
320 689 529 732 traderent,
551 688 612 727 alii
634 687 813 738 perfugas
843 687 1022 733 vendere,
1045 701 1132 740 pars
1155 702 1200 727 ex
1221 690 1365 739 pacatis
1388 701 1502 740 prae-

93 751 162 789 das
183 747 364 799 agebant:
387 751 493 784 tanta
526 745 582 783 vis
612 743 790 784 avaritiae
819 744 970 782 animos
999 758 1136 784 eorum
1166 745 1285 784 veluti
1312 745 1419 785 tabes
1440 747 1504 785 in-
1526 752 1548 783 4

93 810 259 845 vaserat.

207 862 256 900 At
277 861 430 901 Cassius
458 864 615 911 praetor
642 858 791 907 perlata
811 859 1013 909 rogatione
1034 872 1054 898 a
1076 859 1116 900 C.
1138 859 1323 898 Memmio
1345 872 1388 898 ac
1408 871 1499 909 per-
1528 865 1545 895 5

90 918 200 957 culsa
220 918 328 956 omni
350 916 549 956 nobilitate
570 914 617 953 ad
638 913 864 965 Iugurtham
886 916 1144 966 proficiscitur
1165 917 1279 967 eique
1306 915 1442 953 timido
1463 920 1502 953 et

94 987 142 1013 ex
158 974 396 1013 conscientia
412 971 604 1012 diffidenti
620 972 737 1010 rebus
755 971 836 1009 suis
853 973 1074 1022 persuadet,
1093 973 1280 1024 quoniam
1298 984 1338 1010 se
1357 972 1500 1022 populo

92 1031 272 1070 Romano
308 1030 499 1072 dedisset,
536 1041 585 1067 ne
621 1028 698 1066 vim
727 1040 844 1078 quam
879 1029 1185 1068 misericordiam
1214 1029 1298 1068 eius
1335 1028 1502 1079 experiri

93 1087 237 1126 mallet.
271 1087 456 1125 Privatim
478 1090 680 1136 praeterea
697 1084 813 1122 fidem
831 1097 941 1124 suam
962 1086 1188 1137 interponit,
1207 1097 1325 1137 quam
1341 1085 1404 1123 ille
1420 1095 1502 1123 non

93 1144 256 1183 minoris
278 1156 395 1195 quam
430 1142 624 1194 publicam
660 1140 841 1179 ducebat:
872 1142 956 1181 talis
985 1155 1027 1181 ea
1061 1148 1292 1193 tempestate
1321 1142 1423 1180 fama
1455 1141 1502 1180 de

96 1200 226 1239 Cassio
250 1206 343 1238 erat.
1338 1204 1343 1208 ·

204 1257 325 1307 Igitur
345 1255 528 1306 Iugurtha
556 1261 691 1294 contra
722 1256 841 1294 decus
868 1255 1016 1305 regium
1049 1255 1155 1293 cultu
1177 1267 1295 1306 quam
1317 1265 1500 1293 maxume
1522 1259 1574 1293 33

93 1313 301 1351 miserabili
325 1325 413 1350 cum
435 1311 563 1350 Cassio
588 1312 750 1350 Romam
773 1312 889 1350 venit.
921 1313 986 1357 Ac,
1010 1311 1165 1350 tametsi
1186 1311 1225 1349 in
1254 1311 1338 1361 ipso
1360 1321 1499 1360 magna
1525 1320 1544 1351 2

90 1369 150 1407 ’ris
174 1368 295 1407 animi
316 1373 410 1412 erat,
439 1368 693 1407 confirmatus
716 1368 762 1407 ab
794 1367 990 1412 omnibus,
1022 1380 1191 1419 quorum
1222 1366 1398 1418 potentia
1433 1372 1500 1405 aut

92 1425 236 1464 scelere
258 1430 398 1464 cuncta
419 1437 462 1463 ea
483 1431 666 1474 gesserat,
691 1437 790 1474 quae
812 1437 929 1475 supra
952 1424 1131 1467 diximus,
1155 1424 1192 1462 C.
1216 1424 1405 1462 Baebium
1425 1423 1500 1461 tri-

90 1482 240 1520 bunum
262 1481 384 1532 plebis
402 1492 543 1531 magna
564 1481 744 1520 mercede
764 1487 887 1532 parat,
906 1481 1015 1519 cuius
1033 1481 1264 1532 inpudentia
1287 1486 1421 1519 contra
1440 1480 1498 1518 ius

140 1576 210 1615 32.
237 1585 264 1616 1.
288 1592 362 1625 pop.
377 1581 574 1623 persuadet.-
589 1582 619 1613 d.
637 1583 669 1613 h.
683 1591 758 1624 per-

88 1628 166 1660 tulit
182 1630 402 1669 rogationem.

139 1673 294 1705 Cassius:
331 1673 388 1704 mit
417 1672 447 1703 d.
476 1672 757 1704 Familienuamen

93 1717 288 1760 Longinus;
311 1717 475 1756 derselbe,
495 1717 644 1749 welcher
660 1720 757 1749 nach-

88 1764 150 1795 her
167 1763 219 1794 als
250 1763 347 1795 Cous.
378 1763 441 1794 647
476 1763 565 1801 (107)
600 1773 664 1793 von
696 1763 757 1794 den

830 1584 1033 1614 conscientia
1069 1583 1128 1614 hat
1170 1582 1224 1614 bei
1256 1582 1336 1614 Sall.
1370 1582 1497 1622 immer,

831 1629 914 1659 auch
933 1637 1026 1659 wenn
1047 1638 1082 1658 es
1101 1628 1204 1659 allein
1233 1629 1332 1665 steht,
1365 1627 1418 1659 die
1437 1628 1498 1659 Be-

830 1674 976 1713 deutung
1015 1673 1134 1712 „boses
1174 1672 1383 1705 Gewisseu‘⁴.
1454 1672 1496 1704 So

831 1719 903 1751 Cat.
927 1720 976 1754 15,
993 1719 1033 1755 4;
1053 1718 1120 1759 lug.
1140 1718 1193 1756 35,
1212 1719 1248 1757 43
1268 1718 1320 1756 85,
1339 1718 1391 1750 26.

877 1757 944 1796 33.
975 1765 1002 1795 1.
1029 1762 1144 1795 conti-‘a
1167 1763 1266 1794 decus
1283 1765 1413 1804 regium
1432 1768 1496 1795 etc.

92 1808 296 1849 Tigurinern
325 1809 369 1840 im
405 1807 545 1840 Gebiete
575 1807 635 1839 der
663 1807 758 1839 Allo-

94 1855 215 1894 broger
260 1853 461 1894 geschlagen
501 1853 567 1884 und
606 1853 758 1893 geto'dtet

93 1899 219 1930 wurde.

141 1945 264 1984 interp.
281 1942 347 1985 fide
361 1943 449 1986 publ.
467 1954 508 1974 zu
526 1942 597 1974 Cat.
617 1943 670 1981 47,
693 1943 720 1975 l.

136 1990 299 2030 pecuniae
313 1991 445 2030 captae.-
464 1986 607 2020 Genetiv
625 1988 678 2020 bei
695 1988 757 2020 den

93 2033 216 2065 Verbis
246 2034 302 2065 des
332 2033 541 2074 Anklagens,
572 2033 758 2074 Belangens

92 2089 125 2110 u.
145 2078 212 2119 dgl.
232 2097 274 2101 —-
291 2089 406 2122 capere
421 2079 597 2121 pecaniam
625 2079 672 2109 ist
700 2089 758 2119 ge-

90 2123 331 2155 briiuchlicher
374 2124 552 2155 Ausdruck
596 2122 650 2154 fiir
699 2134 759 2155 un-

93 2167 348 2209 rechtm'al'siges
390 2169 631 2210 Geldnehmen,
676 2169 760 2200 doch

94 2213 255 2246 brauchte
271 2225 345 2245 man
363 2215 446 2246 auch
462 2214 496 2245 iu
515 2215 640 2246 diesem
659 2213 759 2246 Sinne

95 2258 154 2289 das
182 2258 379 2298 allgemeine
396 2261 546 2302 accipere
565 2261 759 2302 pecuniam,-

96 2313 122 2334 s.
141 2303 195 2342 40,
216 2305 244 2335 1.

119 2347 171 2424 93.
209 2347 415 2390 elephantos:
454 2349 526 2381 Zur
555 2349 658 2382 Sache
689 2349 758 2389 vgl.

96 2393 115 2424 2
142 2417 150 2432 ‚
169 2393 200 2424 6.

141 2448 187 2469 ex
198 2439 346 2480 pacatis:
362 2438 430 2478 vgl.
449 2439 502 2479 88,
520 2440 551 2471 3.

140 2483 171 2514 4.
203 2486 300 2514 tanta
328 2485 376 2515 vis
403 2487 466 2515 etc.
506 2484 598 2517 Ganz
625 2485 761 2517 iihnlich

93 2526 170 2559 Cat.
191 2527 243 2569 36,
265 2530 294 2561 5.

143 2574 173 2605 5.
214 2583 259 2604 ea:
289 2574 503 2605 conscientia:
536 2575 604 2615 vgl.
635 2575 688 2615 62,
719 2575 758 2614 ὃς

830 1809 900 1840 Zur
909 1808 1235 1849 ErliiuterungAuct.
1251 1809 1290 1840 de
1301 1809 1387 1840 bello
1399 1808 1496 1842 Alex.

831 1854 871 1885 67
890 1853 1070 1885 Deiotarus
1095 1878 1102 1885 .
1132 1878 1140 1886 .
1172 1879 1179 1886 .
1208 1853 1368 1896 depositis
1391 1855 1500 1895 reg-³2⁵³·

830 1899 1038 1941 insignibus,
1072 1909 1174 1940 neque
1206 1902 1337 1931 tantum
1365 1901 1497 1942 privato

830 1946 958 1984 vestitu,
994 1943 1052 1975 sed
1079 1946 1179 1976 etiam
1212 1954 1349 1977 reor-um
1381 1944 1497 1976 habitu

830 1989 974 2031 supplem
1002 1989 1048 2021 ad
1073 1988 1250 2022 Caesarem
1274 1991 1372 2022 venit.
1419 1989 1496 2029 Vgl.

832 2034 884 2074 72,
904 2035 934 2066 2.

877 2080 906 2110 2.
932 2081 1068 2111 tametsi
1086 2106 1092 2111 .
1112 2105 1119 2112 .
1135 2083 1224 2112 cer-at.-
1241 2080 1292 2112 als
1301 2079 1495 2111 Zwischen-

831 2129 904 2156 satz
921 2124 1145 2164 aufzufassen,
1164 2125 1224 2157 der
1240 2126 1291 2157 die
1306 2124 1498 2164 Erziihluug

833 2180 873 2201 ac
903 2170 1128 2211 confimnatus
1169 2175 1232 2202 etc.
1273 2169 1496 2209 uuterbricht,

833 2224 886 2246 um
904 2214 1092 2247 einfliel‘sen
1111 2226 1153 2247 zu
1182 2216 1306 2254 lassen,
1336 2215 1412 2246 dass
1441 2214 1496 2246 dic

833 2259 1081 2301 Ermuuterung
1137 2261 1201 2291 und
1251 2259 1496 2300 Ermuthigung

834 2305 933 2343 (deun
952 2306 1023 2336 dies
1042 2306 1088 2337 ist
1104 2305 1163 2336 der
1192 2305 1399 2347 eigeutliche
1414 2305 1495 2337 Sinn

833 2361 898 2381 von
913 2350 1116 2391 confirmare
1130 2351 1286 2392 aliquem,
1303 2351 1371 2391 vgl.
1388 2350 1440 2389 23,
1459 2350 1498 2389 23

833 2395 888 2432 38,
907 2396 944 2432 53
965 2396 1018 2435 99,
1041 2396 1070 2433 1)
1095 2406 1160 2427 von
1178 2396 1290 2428 Seiten
1309 2396 1369 2428 der
1388 2396 1499 2427 miich-

832 2441 924 2477 tigen
954 2440 1088 2473 Giinner
1117 2440 1170 2472 bei
1200 2441 1260 2473 der
1288 2440 1498 2473 natiirlichen

832 2486 883 2516 vis
899 2487 1006 2516 animi
1029 2486 1085 2517 des
1117 2485 1184 2526 Ing.
1219 2485 1272 2518 fiir
1304 2487 1359 2518 ihu
1393 2485 1501 2518 selbst

834 2530 924 2562 nicht
955 2531 1072 2572 no'thig
1103 2541 1257 2572 gewesen
1291 2532 1399 2570 wiire,
1433 2531 1499 2562 und

833 2575 910 2607 dass
929 2575 976 2607 sie
996 2576 1049 2608 ihu
1067 2577 1160 2608 mehr
1187 2587 1228 2608 zu
1250 2577 1345 2609 ihrer
1373 2576 1424 2608 als
1454 2586 1496 2607 zu
