1720 2875
86 501 139 536 56

113 1014 132 1046 3

90 1742 139 1778 57

165 108 243 149 158
651 107 686 139 C.
714 105 921 139 SALLUSTI
947 105 1080 139 CRISPI

162 211 296 258 fontis,
317 222 486 261 quorum
508 208 670 260 penuria
691 212 787 251 erat,
808 221 1080 260 corrumpere;
1108 209 1224 248 modo
1255 222 1295 248 se
1323 209 1476 250 Metello
1504 211 1567 250 in-

162 268 316 308 terdum
338 265 458 304 Mario
479 265 687 304 ostendere
697 281 713 307 ‚-
732 271 952 315 postremos
979 265 1018 303 in
1041 265 1196 315 agmine
1214 270 1405 317 temptare
1425 279 1468 307 ac
1489 273 1569 307 sta-

163 325 233 365 tim
256 323 296 362 in
317 321 424 361 collis
446 321 609 372 regredi,
630 333 769 360 rursus
789 322 872 360 aliis
894 327 983 373 post
1000 322 1082 360 aliis
1099 321 1290 367 minitari;
1311 335 1439 374 neque
1452 336 1571 375 proe-

160 381 259 421 lium
287 379 414 417 facere
434 389 563 436 nequ-e
584 378 707 416 otium
728 377 824 429 pati,
852 384 1004 417 tantum
1026 378 1143 417 modo
1167 378 1323 417 hostem
1344 379 1392 418 ab
1411 380 1568 432 incepto

163 437 343 477 retinere.

272 492 474 530 Romanus
495 490 718 541 imperator,
740 489 806 528 ubi
828 502 869 528 se
890 489 987 528 dolis
1005 490 1150 541 fatigari
1168 490 1272 530 videt
1288 503 1416 543 neque
1431 490 1479 530 ab
1495 491 1568 531 ho·

160 556 218 589 ste
239 548 390 599 copiam
411 547 611 598 pugnandi
631 546 726 592 fieri,
748 545 887 584 urbem
909 559 1084 597 magnam
1109 553 1147 585 et
1167 547 1208 586 in
1230 560 1272 586 ea
1293 554 1402 599 parte
1423 560 1499 600 qua
1515 548 1570 587 si-

157 613 196 646 ta
219 611 300 645 erat
317 616 443 643 arcem
466 603 596 653 regni,
625 602 783 641 nomine
805 602 981 647 Zamam,
1013 603 1151 642 statuit
1173 616 1417 655 oppugnare,
1448 610 1569 648 ratus,

157 663 196 703 id
218 661 321 713 quod
343 659 546 710 negotium
568 658 770 709 poscebat,
799 659 1024 709 Iugurtham
1045 659 1309 699 laborantibus
1325 661 1406 700 suis
1427 661 1569 700 auxilio

114 731 133 763 2
158 724 368 760 venturum
391 716 523 767 ibique
543 716 734 767 proelium
756 715 850 754 fore.
891 716 940 754 At
962 715 1036 761 ille,
1059 728 1156 767 quae
1178 716 1417 767 parabantur
1437 730 1456 756 a
1478 729 1567 769 per—

161 775 262 826 fugis
284 774 458 818 edoctus,
480 772 632 823 magnis
652 771 860 816 itineribus
879 771 1075 811 Metellum
1105 774 1322 818 antevenit;
1353 774 1569 825 oppidanos

161 833 339 872 hortatur
358 830 511 868 moenia
533 829 755 871 defendant,
778 828 918 867 additis
940 829 1080 868 auxilio
1102 830 1274 881 perfugis
1288 859 1296 874 ,
1319 831 1421 881 quod
1445 842 1568 881 genus

162 903 208 929 ex
229 887 350 938 copiis
371 886 486 937 regis,
503 886 592 937 quia
608 885 741 924 fallere
758 884 954 936 nequibat,
973 886 1254 925 firmissumum
1272 892 1373 932 erat3
1393 893 1570 938 praeter—-

163 959 207 986 ea
228 943 431 997 pollicetur
451 943 491 981 in
512 948 692 993 tempore
712 948 838 980 semet
859 954 948 980 cum
971 943 1138 981 exercitu
1157 943 1302 981 adfore.

270 1001 324 1040 Ita
356 999 584 1050 compositis
614 997 731 1040 rebus
760 998 800 1036 in
830 999 910 1036 loca
937 1011 1053 1048 quam
1076 1011 1256 1037 maxume
1277 999 1423 1038 occulta
1442 999 1568 1038 disce-

159 1059 234 1099 dit:
266 1070 311 1096 ac
341 1061 431 1108 post
462 1055 575 1106 paulo
607 1054 807 1104 cognoscit
836 1054 1000 1092 Marium
1037 1067 1083 1093 ex
1113 1054 1253 1093 itinere
1284 1055 1569 1094 frumentatum

158 1128 246 1156 cum
268 1114 401 1166 paucis
424 1111 649 1151 cohortibus
673 1111 821 1150 Siccam
844 1110 1026 1155 missumff
1056 1112 1159 1162 quod
1189 1111 1375 1162 oppidum
1397 1111 1569 1163 primum

115 1183 136 1214 4
160 1172 337 1212 omnium
360 1175 449 1221 post
469 1168 610 1206 malam
632 1178 799 1218 pugnam
823 1166 869 1205 ab
891 1179 981 1218 rege
997 1167 1200 1206 defecerat.
1230 1167 1286 1206 Eo
1305 1181 1393 1207 cum
1410 1167 1568 1207 delectis

161 1227 356 1280 equitibus
379 1230 497 1264 noctu
518 1224 643 1275 pergit
659 1229 698 1262 et
714 1224 790 1262 iam
808 1223 1095 1273 egredientibus
1110 1224 1295 1263 Romanis
1311 1224 1351 1263 in
1369 1230 1479 1276 porta
1495 1236 1570 1276 pu-

161 1297 277 1337 gnam
307 1283 417 1327 facit3
447 1281 562 1320 simul
591 1291 730 1331 magna
751 1292 844 1319 voce
866 1279 1067 1319 Siccenses
1089 1280 1283 1325 hortatur,
1312 1282 1368 1320 uti
1398 1280 1570 1321 cohortis

163 1341 209 1381 ab
230 1347 339 1391 tergo
362 1337 687 1378 circumveniant:
709 1336 908 1375 fortunam
931 1337 1003 1375 illis
1025 1337 1212 1388 praeclari
1232 1337 1415 1377 facinoris
1436 1350 1568 1377 casum

162 1399 272 1437 dare:
303 1397 335 1435 si
355 1396 394 1435 id
416 1395 599 1439 fecerint,
626 1399 760 1444 postea
781 1405 867 1432 sese
887 1393 928 1432 in
948 1405 1089 1444 regno,
1120 1394 1204 1432 illos
1227 1394 1267 1431 in
1287 1393 1464 1433 libertate
1486 1394 1569 1432 sine

116 1468 135 1500 5
161 1460 271 1494 metu
292 1458 456 1503 aetatem
480 1456 647 1491 acturos.
689 1450 743 1489 Ac
763 1449 802 1488 ni
825 1449 969 1489 Marius
987 1450 1096 1500 signa
1113 1451 1258 1489 inferre
1275 1456 1392 1501 atque
1407 1451 1569 1490 evadere

157 1510 300 1563 oppido
329 1508 632 1561 properavisset‚
661 1506 837 1558 profecto
867 1506 995 1546 cuncti
1026 1513 1094 1545 aut
1121 1518 1261 1557 magna
1290 1519 1378 1558 pars
1408 1507 1570 1546 Siccen-

157 1569 257 1607 sium
280 1567 395 1605 fidem
419 1564 696 1604 mutavissent:
724 1568 833 1602 tanta
862 1562 1076 1602 mobilitate
1097 1575 1183 1602 sese
1204 1563 1394 1602 Numidae
1415 1568 1569 1614 gerunt.

112 1637 131 1669 6
158 1624 234 1664 Sed
263 1623 406 1662 milites
430 1620 650 1672 Iugurthini
680 1619 877 1671 paulisper
905 1620 951 1658 ab
982 1631 1073 1669 rege
1099 1620 1330 1665 sustentati,
1358 1626 1568 1672 postquam

160 1681 308 1720 maiore
329 1679 365 1717 vi
386 1679 519 1717 hostes
540 1683 720 1727 urguent.
744 1677 875 1727 paucis
898 1676 1050 1715 amissis
1072 1676 1226 1727 profugi
1248 1676 1465 1715 discedunt.

272 1735 416 1775 Marius
437 1735 485 1773 ad
508 1734 663 1772 Zamam
686 1733 875 1784 pervenit.
917 1732 958 1771 ld
981 1733 1190 1784 oppidum,
1217 1733 1258 1771 in
1280 1745 1415 1784 campo
1436 1733 1568 1778 situm,

158 1793 281 1843 magis
312 1805 428 1843 opere
459 1803 575 1842 quam
605 1796 745 1828 natura
777 1790 973 1828 munitum
1006 1793 1106 1829 erat.
1145 1790 1288 1828 nullius
1318 1789 1482 1828 idoneae
1513 1790 1570 1828 rei

115 1863 133 1894 2
160 1861 300 1900 egens,
331 1848 450 1887 armis
478 1847 650 1898 virisque
674 1846 916 1896 opulentum.
962 1845 1083 1896 Igitur
1102 1846 1278 1885 Metellus
1298 1858 1369 1897 pro
1392 1852 1571 1898 tempore

160 1986 228 2008 von
251 1974 361 2006 locum
383 1982 540 2014 quaerere
563 1971 737 2011 abhangig‚
761 1971 827 2003 wie

162 2021 219 2054 Or.
238 2019 324 2051 Phil.
343 2024 361 2050 b
380 2018 459 2050 bello
484 2028 549 2051 von
573 2017 661 2048 dcem
686 2019 829 2048 circum-

160 2068 305 2109 spicere3
321 2064 464 2096 aber-fiir
473 2064 534 2095 den
547 2061 690 2094 Genetiv
702 2062 830 2105 spricht

161 2123 192 2143 u.
211 2121 240 2143 a.
261 2111 314 2148 85,
333 2112 362 2142 5.

208 2150 272 2188 56.
302 2157 328 2188 1.
355 2164 482 2186 arcem:
501 2163 570 2185 aroe
586 2153 671 2184 wird
688 2152 829 2184 bildlich

162 2213 227 2234 von
245 2202 317 2233 dem
335 2199 527 2237 gebraucht,
547 2209 617 2230 was
635 2198 757 2230 Schutz
773 2208 830 2238 ge-

162 2247 273 2278 w'ahrt
289 2247 354 2277 und
374 2246 446 2277 eine
465 2245 582 2276 stiitze
599 2254 659 2275 zur
674 2243 831 2275 ven-thei-

106 2312 110 2316 ·
163 2293 286 2333 digung
302 2290 446 2331 abgiebt.

209 2335 368 2368 Zamam:
399 2336 536 2376 gehiirte
566 2335 626 2366 mit
649 2334 720 2365 dem
742 2338 831 2366 etwa

164 2383 184 2415 6
202 2393 231 2423 g.
248 2383 371 2413 Meilen
391 2380 630 2412 nordwestlich
647 2380 829 2420 gelegenen

164 2427 258 2459 Sicca
282 2427 346 2458 und
370 2427 441 2457 dem
465 2431 551 2458 ctwa
571 2427 612 2457 25
637 2435 666 2464 g.
688 2425 729 2457 M.
755 2425 832 2456 siid-

163 2473 233 2504 lich
256 2472 318 2511 gel.
345 2472 450 2512 Capsa
473 2482 513 2502 zu
537 2471 607 2502 dem
631 2471 750 2502 Theile
774 2469 830 2501 des

163 2517 401 2559 urspriinglich
426 2516 682 2555 karthagischen
708 2515 832 2547 Gebie-

165 2569 226 2604 tes,
246 2562 393 2594 welche:-
412 2562 492 2604 nach
510 2562 580 2592 dem
598 2562 740 2593 zweiten
755 2571 830 2602 pun.

902 1969 1027 2012 Hriege
1044 1982 1083 2003 an
1098 1971 1274 2004 Numidien
1292 1972 1439 2014 gegeben
1453 1974 1569 2005 wurde

902 2018 947 2057 (5,
965 2018 1009 2056 4).

947 2063 977 2093 2.
1016 2064 1095 2103 qaia
1131 2062 1254 2104 fallere
1294 2064 1466 2105 nequibat:
1508 2062 1568 2095 Die

902 2106 1123 2140 Ueberlaufer
1147 2112 1294 2140 mussten
1320 2109 1373 2140 die
1398 2118 1570 2150 grausam—

902 2158 975 2184 sten
996 2152 1128 2185 Strasen
1153 2152 1316 2194 fiirchten,
1342 2163 1437 2186 wenn
1462 2154 1514 2185 sie
1537 2154 1569 2185 in

903 2199 957 2230 die
976 2199 1088 2231 H'ande
1105 2199 1164 2230 der
1178 2199 1299 2230 Riimer
1315 2199 1413 2231 fielen
1432 2199 1512 2239 (vgl.
1529 2209 1569 2230 zu

903 2246 958 2282 62,
978 2246 1019 2284 7),
1039 2245 1102 2275 und
1120 2245 1234 2275 hatten
1253 2244 1324 2275 also
1342 2244 1408 2275 alle
1422 2243 1571 2276 Ursache

903 2290 960 2321 das
990 2291 1022 2321 in
1052 2290 1124 2320 ihre
1149 2288 1346 2331 Tapferkeit
1370 2290 1435 2321 und
1460 2289 1570 2321 Treue

903 2339 1054 2374 gesetzte
1063 2334 1249 2366 Ver-trauca
1266 2345 1307 2366 zu
1319 2334 1570 2375 rechtfertigen.

948 2383 981 2411 in
1000 2383 1167 2422 tempore:
1186 2390 1268 2417 „zur
1278 2380 1423 2419 rechten,
1439 2380 1573 2421 gelege-

905 2436 964 2457 nen
983 2425 1095 2456 Zeit“.
1130 2425 1188 2466 Ep.
1210 2424 1321 2457 Mithr.
1344 2426 1393 2458 18.

949 2472 978 2502 3.
1008 2469 1155 2502 Siccam:
1173 2470 1286 2501 vollst.
1305 2469 1400 2503 St'cca
1408 2470 1569 2509 Veneria,

902 2515 988 2556 jetzt
1006 2513 1088 2547 Hes:
1107 2527 1132 2547 s.
1152 2527 1192 2547 zu
1210 2514 1230 2557 ξ
1252 2518 1279 2549 1.

951 2563 980 2593 4.
1007 2571 1122 2592 casum
1134 2574 1143 2592 :
1161 2572 1201 2592 zu
1219 2563 1271 2602 25,
1292 2561 1321 2592 9.
