1720 2875
473 116 529 148 DE
554 116 696 148 BELLO
720 115 923 149 IUGURTH.
948 115 983 147 C.
1011 115 1153 148 11—13.

1439 117 1516 156 105

109 230 179 259 sua
216 218 346 256 visens
382 218 544 256 domum
581 223 662 263 eat,
694 222 897 268 portarum
927 217 1041 256 clavis
1066 217 1302 256 adulterinas
1332 223 1444 268 paret
1463 239 1518 245 —

109 285 201 313 nam
223 286 335 312 verae
357 275 403 313 ad
432 274 694 324 Hiempsalem
722 274 997 311 referebantur
1015 286 1092 320 ——3
1122 279 1316 313 ceterum.
1352 273 1419 312 ubi
1453 285 1517 312 res

108 330 337 381 postularet,
361 343 403 369 se
419 330 551 380 ipsum
569 341 654 368 cum
674 340 812 379 magna
830 340 951 367 manu
968 335 1190 368 venturum.
1224 329 1390 368 Numida
1409 342 1521 369 man—
1546 337 1567 368 4

110 386 196 425 data
217 386 324 425 brevi
342 386 497 425 conticit
512 391 639 436 atque,
665 385 719 423 uti
737 385 876 423 doctus
894 391 987 430 erat,
1011 391 1129 423 noctu
1151 386 1361 436 Iugurthae
1379 386 1521 425 milites

108 442 334 481 introducit.
371 442 444 488 Qui
465 446 674 492 postquam
692 440 732 479 in
748 441 854 479 aedis
871 441 1069 492 inrupere,
1091 441 1235 480 divorsi
1251 454 1382 492 regem
1400 455 1519 493 quae-
1546 450 1564 480 5

108 510 208 543 rere,
232 497 462 537 dormientis
483 497 578 536 alios
600 497 695 535 alios
718 497 960 536 occursantis
983 497 1216 543 interficere,
1250 498 1416 537 scrutari
1438 499 1521 537 loca

109 554 250 600 abdita,
272 555 398 592 clausa
416 553 632 602 effringere,
656 554 826 604 strepitu
839 559 878 592 et
890 554 1062 592 tumultu
1076 554 1206 592 omnia
1224 554 1410 599 miscere,
1432 567 1520 593 cum

107 610 268 648 interim
290 609 489 660 Hiempsal
520 609 717 660 reperitur
739 610 938 648 occultans
959 622 1002 648 se
1024 610 1180 660 tugurio
1203 610 1377 649 mulieris
1399 610 1520 649 ancil-

107 666 183 712 lae,
206 678 284 716 quo
305 665 418 704 initio
441 665 602 716 pavidus
625 671 664 703 et
692 665 850 716 ignarus
880 666 953 704 loci
974 666 1209 716 perfugerat.
1242 666 1434 705 Numidae
1455 679 1517 705 ca·
1544 671 1563 702 6

107 726 177 772 put
200 721 298 767 eius,
321 722 378 760 uti
400 721 495 760 iussi
518 727 640 767 erant,
663 722 711 760 ad
733 722 960 772 Iugurtham
981 722 1174 761 referunt.

218 777 399 816 Ceterum
420 779 521 816 fama
542 778 641 816 tanti
662 778 845 816 facinoris
867 790 937 828 per
958 790 1119 816 omnem
1136 778 1304 817 Africam
1326 777 1435 817 brevi
1456 778 1516 816 di-
1537 783 1584 818 13

104 834 299 884 volgatum
320 834 581 872 Adherbalem
604 834 830 884 omnisque,
860 834 927 885 qui
947 834 1020 872 sub
1042 834 1208 884 imperio
1230 834 1411 885 Micipsae
1433 836 1518 873 fue—

104 896 214 936 rant,
237 895 366 928 metus
387 890 554 935 invadit3
585 890 627 928 in
649 890 745 928 duas
767 890 889 940 partis
911 890 1118 928 discedunt
1139 890 1352 937 Numidae,
1386 891 1520 941 plures

105 946 363 985 Adherbalem
384 952 590 991 secuntur,
621 947 690 985 sed
719 946 827 984 illum
849 947 1015 985 alterum
1036 946 1137 984 bello
1159 946 1354 985 meliores.
1396 947 1518 997 Igitur
1543 952 1561 983 2

105 1002 293 1052 Iugurtha
315 1015 433 1053 quam
455 1015 657 1041 maxumas
682 1007 812 1053 potest
841 1002 972 1053 copias
995 1008 1138 1048 armat,
1171 1002 1279 1041 urhis
1307 1002 1450 1054 partim
1480 1003 1517 1040 vi

105 1058 196 1097 alias
217 1058 415 1097 voluntate
436 1058 601 1109 imperio
625 1071 697 1097 suo
719 1058 914 1109 adiungit,
946 1059 1052 1097 omni
1084 1059 1287 1098 Numidiae
1323 1059 1517 1109 imperare

105 1120 227 1166 parat.
274 1115 482 1160 Adherbal,
503 1115 662 1154 tametsi
682 1115 846 1153 Romam
868 1116 1014 1166 legatos
1037 1115 1219 1157 miserat.
1247 1115 1314 1166 qui
1334 1120 1515 1154 senatum
1542 1125 1561 1156 3

106 1171 292 1209 docerent
314 1171 361 1209 de
384 1171 500 1209 caede
523 1171 654 1210 fratris
677 1177 715 1209 et
736 1170 903 1209 fortunis
923 1171 1015 1220 suis,
1039 1176 1173 1210 tamen
1193 1174 1318 1210 fretus
1341 1172 1521 1210 multitu—

106 1227 195 1265 dine
219 1227 387 1265 militum
408 1227 569 1277 parabat
590 1227 709 1266 armis
731 1227 981 1266 contendere.

104 1295 198 1321 men
237 1283 360 1328 venit,
403 1283 526 1321 victus
551 1296 595 1321 ex
617 1283 766 1333 proelio
788 1283 965 1334 profugit
984 1283 1025 1322 in
1046 1283 1286 1334 provinciam
1307 1296 1350 1322 ac
1378 1283 1520 1322 deinde

104 1339 270 1377 Romam
292 1339 506 1377 contendit.
553 1339 654 1377 Tum
677 1339 861 1389 Iugurtha
890 1339 1052 1390 patratis
1083 1339 1275 1385 consiliis,
1310 1345 1520 1390 postquam
1546 1350 1565 1381 5

105 1394 232 1433 omnis
269 1394 476 1444 Numidiae
512 1395 754 1445 potiebatur,
786 1395 828 1433 in
858 1395 937 1433 otio
967 1395 1117 1434 facinus
1140 1408 1256 1434 suum
1278 1408 1366 1434 cum
1391 1396 1522 1434 animo

104 1456 292 1501 reputans
314 1451 455 1489 timere
477 1452 668 1502 populum
690 1451 913 1490 Romanum
935 1463 1064 1502 neque
1095 1452 1284 1490 advorsus
1315 1453 1414 1490 iram
1438 1452 1521 1490 eius

104 1519 269 1558 usquam
294 1507 369 1545 nisi
390 1507 431 1545 in
452 1507 610 1546 avaritia
633 1507 847 1546 nobilitatis
870 1513 907 1546 et
936 1508 1101 1558 pecunia
1131 1520 1199 1546 sua
1230 1521 1342 1559 spem
1363 1508 1520 1546 hahere.

103 1563 237 1613 Itaque
259 1563 392 1614 paucis
414 1563 551 1602 diebus
574 1576 663 1602 cum
686 1576 780 1602 auro
803 1569 840 1602 et
861 1570 1023 1613 argento
1046 1564 1169 1603 multo
1191 1565 1337 1614 legatos
1353 1564 1519 1603 Romam
1547 1573 1567 1603 6

105 1618 239 1665 mittit,
261 1619 347 1670 quis
368 1619 567 1671 praecipit,
590 1620 761 1671 primum
785 1620 842 1658 uti
863 1626 1014 1658 veteres
1037 1620 1181 1659 amieos
1199 1620 1428 1659 muneribus
1451 1633 1517 1659 ex-

150 1743 232 1765 sua:
256 1733 329 1765 eine
348 1744 423 1764 zum
451 1733 549 1765 Theil
576 1732 636 1764 auf
660 1734 771 1766 Hand-

105 1779 193 1810 schr.
227 1779 395 1819 gestiitzte
436 1778 501 1809 und
534 1789 599 1810 von
632 1779 773 1810 Dietsch

103 1822 374 1863 ausgenommene
415 1823 671 1864 Verbesserung
717 1823 772 1854 fuir

104 1879 203 1900 suam
231 1868 328 1908 (friih.
348 1869 478 1909 Ausg.),
507 1869 616 1900 wobei
635 1869 686 1900 die
704 1869 772 1900 als-

104 1913 190 1944 daun
222 1914 358 1954 nothige
394 1914 549 1955 doppelte
587 1914 773 1955 Beziehung

104 1968 168 1989 von
187 1957 323 1989 domum
341 1959 418 1990 sehr
435 1958 590 2000 auffallig
605 1969 688 1990 war.

147 2003 404 2044 referebantur:
428 2003 574 2035 niimlich
600 2004 774 2044 „nachje-

105 2047 321 2088 desmaligem
357 2047 635 2088 Zuschliessen“;
670 2049 775 2080 daher

104 2093 162 2124 das
194 2091 325 2135 Imperf.
352 2111 396 2116 —
426 2092 580 2125 Nachher
610 2095 669 2125 hat
700 2104 774 2125 man

106 2137 178 2170 sich
194 2138 247 2170 bei
272 2140 420 2170 ceteram
448 2143 510 2170 etc.
540 2139 598 2170 das
617 2137 773 2170 Weitere

105 2182 163 2214 des
182 2181 344 2223 Auftrags
377 2193 534 2223 genauer,
567 2194 604 2215 so
637 2184 704 2215 wie
737 2194 773 2215 es

105 2227 176 2259 sich
191 2238 251 2259 aus
268 2227 340 2259 dem
364 2227 544 2268 folgenden
562 2228 699 2269 Paragr.
718 2238 774 2260 er-

105 2272 211 2313 giebt,
229 2283 270 2303 zu
287 2272 426 2305 denken.

150 2318 181 2349 5.
207 2316 349 2349 divorsi.-
379 2329 420 2349 zu
449 2317 521 2351 Cat.
546 2319 578 2358 2,
600 2321 628 2352 1.
653 2317 698 2350 Im
716 2329 773 2350 ur-

106 2361 341 2404 spriinglichen
371 2363 539 2395 ortlichen
575 2364 678 2395 Sinne
706 2364 772 2395 wie

105 2407 182 2438 hier
197 2405 265 2446 lug.
284 2408 337 2447 55,
356 2408 392 2447 7;
412 2408 464 2449 87,
484 2410 515 2440 4.

150 2453 291 2494 strepitu
320 2456 383 2484 etc.
428 2452 506 2485 Tac.
542 2453 627 2485 Hist.
670 2453 702 2493 3,
732 2452 774 2484 73

104 2498 302 2540 irrumpant
351 2497 533 2530 Vitelliani
576 2501 610 2530 et
656 2501 776 2531 cancta

104 2542 379 2584 sanguineserro
391 2543 604 2585 flammisque
624 2545 774 2575 miscent.

892 1727 958 1765 13.
990 1734 1020 1764 3.
1051 1735 1186 1765 tametsi
1215 1738 1279 1765 etc.
1320 1734 1432 1765 Durch
1464 1735 1518 1765 die

845 1778 1021 1818 Anrufung
1050 1779 1108 1810 des
1138 1780 1219 1810 ro‘m.
1251 1779 1372 1810 Senats
1402 1779 1517 1811 schien

845 1833 884 1855 er
912 1823 973 1855 auf
1009 1823 1216 1855 Selbsthiilfe
1253 1824 1441 1856 vel-zichtet
1476 1835 1517 1855 zu

845 1867 969 1908 haben3
1011 1869 1093 1900 aber
1134 1879 1170 1900 er
1209 1868 1290 1910 griff
1313 1869 1518 1909 gleichwohl

847 1913 942 1944 dazu.

893 1959 923 1989 4.
960 1960 1170 2001 provinciam
1207 1959 1236 1990 d.
1275 1958 1298 1989 i.
1336 1959 1497 2000 Africam
1506 1972 1517 1999 ‚-

848 2002 906 2034 das
925 2004 1109 2044 ehemalige
1120 2003 1242 2035 Gebiet
1259 2014 1322 2034 von
1333 2003 1517 2045 Karthago,

848 2048 913 2079 seit
931 2049 1003 2080 dem
1030 2049 1157 2080 dritten
1186 2048 1367 2091 punischen
1392 2047 1517 2089 lii-iege

846 2094 1013 2125 riimische
1029 2093 1192 2131 Proviuzg
1212 2094 1278 2134 vgl.
1302 2095 1352 2131 19,
1371 2094 1400 2124 7.

897 2140 927 2170 5.
950 2139 1160 2181 potiebatur:
1186 2139 1220 2170 in
1250 2138 1310 2170 der
1328 2143 1433 2171 etwas
1450 2140 1519 2170 sel-

845 2191 988 2217 teneren
1005 2184 1199 2225 Bedeutung
1215 2183 1293 2224 „die
1310 2183 1423 2216 Macht
1436 2185 1519 2217 iiber

847 2235 952 2261 etwas
972 2228 1141 2260 haben“.
1206 2228 1284 2260 Tac.
1310 2228 1385 2260 Anu
1415 2229 1447 2269 2,
1473 2229 1517 2261 42

847 2284 910 2307 rea·
926 2272 1117 2305 Archelaus
1127 2275 1443 2314 quinquagesimum
1455 2284 1518 2306 an-

846 2329 928 2350 num
955 2317 1168 2361 Cappadocia
1195 2319 1399 2361 potiebatur.
1431 2319 1516 2352 We-

846 2374 909 2405 gen
927 2364 985 2395 des
1003 2362 1134 2405 Imperf.
1151 2374 1192 2394 zu
1210 2362 1281 2394 Cat.
1299 2364 1331 2403 6,
1351 2364 1382 2396 3.

894 2410 924 2441 6.
947 2410 1070 2451 paucis
1098 2407 1228 2440 diebus:
1259 2407 1403 2441 u'aimlich
1431 2411 1516 2442 nach

849 2454 908 2486 der
925 2454 1115 2494 Besiegung
1131 2453 1329 2485 Adherbals.

894 2500 988 2540 quis:
1006 2499 1116 2530 altere
1138 2497 1342 2531 Nebeuform
1365 2498 1421 2531 fiir
1443 2501 1516 2542 qui-

850 2544 918 2584 bus,
938 2543 1039 2576 Dativ
1057 2553 1088 2574 u.
1102 2543 1255 2575 Ablativ.

1033 1227 1109 1265 Sed
1137 1227 1204 1266 ubi
1232 1239 1295 1266 res
1316 1228 1363 1266 ad
1393 1233 1518 1266 certa-
1545 1237 1565 1269 4
