<?xml version="1.0" encoding="UTF-8"?>
<!DOCTYPE html PUBLIC "-//W3C//DTD XHTML 1.0 Transitional//EN"
    "http://www.w3.org/TR/xhtml1/DTD/xhtml1-transitional.dtd">
<html xmlns="http://www.w3.org/1999/xhtml" xml:lang="en" lang="en">
 <head>
  <title>
</title>
<meta http-equiv="Content-Type" content="text/html;charset=utf-8" />
  <meta name='ocr-system' content='tesseract 3.04.00' />
  <meta name='ocr-capabilities' content='ocr_page ocr_carea ocr_par ocr_line ocrx_word'/>
</head>
<body>
  <div class='ocr_page' id='page_1' title='image "./deconiurationeca00salluoft_0173.png"; bbox 0 0 1720 2875; ppageno 0'>
   <div class='ocr_carea' id='block_1_1' title="bbox 416 134 1448 178">
    <p class='ocr_par' dir='ltr' id='par_1_1' title="bbox 416 134 1448 178">
     <span class='ocr_line' id='line_1_1' title="bbox 416 134 1448 178; baseline 0.01 -12"><span class='ocrx_word' id='word_1_1' title='bbox 416 135 473 167; x_wconf 83' lang='lat' dir='ltr'>DE</span> <span class='ocrx_word' id='word_1_2' title='bbox 497 134 637 168; x_wconf 85' lang='lat' dir='ltr'>BELLO</span> <span class='ocrx_word' id='word_1_3' title='bbox 663 134 867 170; x_wconf 84' lang='lat' dir='ltr'>IUGURTH.</span> <span class='ocrx_word' id='word_1_4' title='bbox 916 136 951 168; x_wconf 93' lang='lat' dir='ltr'>C.</span> <span class='ocrx_word' id='word_1_5' title='bbox 971 136 1115 168; x_wconf 80' lang='lat'><strong>60—-62,</strong></span> <span class='ocrx_word' id='word_1_6' title='bbox 1372 138 1448 178; x_wconf 83' lang='grc'>163</span> 
     </span>
    </p>
   </div>
   <div class='ocr_carea' id='block_1_2' title="bbox 45 237 1522 1303">
    <p class='ocr_par' dir='ltr' id='par_1_2' title="bbox 45 237 1522 1303">
     <span class='ocr_line' id='line_1_2' title="bbox 46 237 1522 289; baseline 0.001 -13"><span class='ocrx_word' id='word_1_7' title='bbox 46 237 279 276; x_wconf 86' lang='lat' dir='ltr'>traderetur.</span> <span class='ocrx_word' id='word_1_8' title='bbox 311 237 362 283; x_wconf 82' lang='lat' dir='ltr'>Is,</span> <span class='ocrx_word' id='word_1_9' title='bbox 385 237 450 276; x_wconf 88' lang='lat' dir='ltr'>uhi</span> <span class='ocrx_word' id='word_1_10' title='bbox 471 238 641 289; x_wconf 92' lang='lat' dir='ltr'>primum</span> <span class='ocrx_word' id='word_1_11' title='bbox 661 242 926 288; x_wconf 86' lang='lat' dir='ltr'>opportunum</span> <span class='ocrx_word' id='word_1_12' title='bbox 943 237 1026 280; x_wconf 76' lang='lat' dir='ltr'>fuit,</span> <span class='ocrx_word' id='word_1_13' title='bbox 1048 237 1273 288; x_wconf 81' lang='lat' dir='ltr'>Iugurtham</span> <span class='ocrx_word' id='word_1_14' title='bbox 1290 238 1449 277; x_wconf 81' lang='lat' dir='ltr'>anxium</span> <span class='ocrx_word' id='word_1_15' title='bbox 1471 243 1522 278; x_wconf 77' lang='grc'>62</span> 
     </span>
     <span class='ocr_line' id='line_1_3' title="bbox 45 293 1448 344; baseline 0 -11"><span class='ocrx_word' id='word_1_16' title='bbox 45 306 91 333; x_wconf 85' lang='lat' dir='ltr'>ac</span> <span class='ocrx_word' id='word_1_17' title='bbox 107 293 357 333; x_wconf 77' lang='lat' dir='ltr'>miserantem</span> <span class='ocrx_word' id='word_1_18' title='bbox 376 294 554 333; x_wconf 81' lang='lat' dir='ltr'><strong>fortunas</strong></span> <span class='ocrx_word' id='word_1_19' title='bbox 572 306 661 332; x_wconf 90' lang='lat' dir='ltr'>suas</span> <span class='ocrx_word' id='word_1_20' title='bbox 677 293 839 338; x_wconf 75' lang='lat' dir='ltr'>accedit3</span> <span class='ocrx_word' id='word_1_21' title='bbox 860 300 994 332; x_wconf 88' lang='lat' dir='ltr'>monet</span> <span class='ocrx_word' id='word_1_22' title='bbox 1009 299 1124 344; x_wconf 88' lang='lat' dir='ltr'>atque</span> <span class='ocrx_word' id='word_1_23' title='bbox 1141 294 1357 333; x_wconf 82' lang='lat' dir='ltr'>lacrumans</span> <span class='ocrx_word' id='word_1_24' title='bbox 1375 294 1448 333; x_wconf 82' lang='lat' dir='ltr'>ol)-</span> 
     </span>
     <span class='ocr_line' id='line_1_4' title="bbox 47 349 1449 402; baseline 0.001 -14"><span class='ocrx_word' id='word_1_25' title='bbox 47 355 223 393; x_wconf 83' lang='lat' dir='ltr'>testatur,</span> <span class='ocrx_word' id='word_1_26' title='bbox 242 350 298 388; x_wconf 87' lang='lat' dir='ltr'>uti</span> <span class='ocrx_word' id='word_1_27' title='bbox 313 350 518 402; x_wconf 86' lang='lat' dir='ltr'>aliquando</span> <span class='ocrx_word' id='word_1_28' title='bbox 535 349 607 388; x_wconf 90' lang='lat' dir='ltr'>sibi</span> <span class='ocrx_word' id='word_1_29' title='bbox 624 349 834 401; x_wconf 82' lang='lat' dir='ltr'>liberisque</span> <span class='ocrx_word' id='word_1_30' title='bbox 849 355 887 387; x_wconf 87' lang='lat' dir='ltr'>et</span> <span class='ocrx_word' id='word_1_31' title='bbox 902 350 1007 400; x_wconf 85' lang='lat' dir='ltr'>genti</span> <span class='ocrx_word' id='word_1_32' title='bbox 1018 350 1274 389; x_wconf 81' lang='lat' dir='ltr'>Numidarum</span> <span class='ocrx_word' id='word_1_33' title='bbox 1289 356 1449 401; x_wconf 83' lang='lat' dir='ltr'>optume</span> 
     </span>
     <span class='ocr_line' id='line_1_5' title="bbox 47 405 1450 457; baseline 0.001 -13"><span class='ocrx_word' id='word_1_34' title='bbox 47 406 208 444; x_wconf 85' lang='lat' dir='ltr'>meritae</span> <span class='ocrx_word' id='word_1_35' title='bbox 226 407 444 457; x_wconf 86' lang='lat' dir='ltr'>provideat:</span> <span class='ocrx_word' id='word_1_36' title='bbox 466 405 647 444; x_wconf 88' lang='lat' dir='ltr'>omnibus</span> <span class='ocrx_word' id='word_1_37' title='bbox 664 406 822 456; x_wconf 89' lang='lat' dir='ltr'>proeliis</span> <span class='ocrx_word' id='word_1_38' title='bbox 838 418 924 444; x_wconf 86' lang='lat' dir='ltr'>sese</span> <span class='ocrx_word' id='word_1_39' title='bbox 941 405 1073 451; x_wconf 79' lang='lat' dir='ltr'>victos,</span> <span class='ocrx_word' id='word_1_40' title='bbox 1091 418 1227 456; x_wconf 85' lang='lat' dir='ltr'>agrum</span> <span class='ocrx_word' id='word_1_41' title='bbox 1244 413 1450 453; x_wconf 88' lang='lat' dir='ltr'>vastatum,</span> 
     </span>
     <span class='ocr_line' id='line_1_6' title="bbox 47 462 1451 513; baseline 0.002 -13"><span class='ocrx_word' id='word_1_42' title='bbox 47 463 191 502; x_wconf 88' lang='lat' dir='ltr'>multos</span> <span class='ocrx_word' id='word_1_43' title='bbox 214 463 385 501; x_wconf 83' lang='lat' dir='ltr'>mortalis</span> <span class='ocrx_word' id='word_1_44' title='bbox 406 467 537 512; x_wconf 81' lang='lat' dir='ltr'>captos</span> <span class='ocrx_word' id='word_1_45' title='bbox 558 462 717 507; x_wconf 79' lang='lat' dir='ltr'>occisos,</span> <span class='ocrx_word' id='word_1_46' title='bbox 739 462 849 513; x_wconf 83' lang='lat' dir='ltr'>regni</span> <span class='ocrx_word' id='word_1_47' title='bbox 871 475 964 513; x_wconf 88' lang='lat' dir='ltr'>opes</span> <span class='ocrx_word' id='word_1_48' title='bbox 983 463 1243 501; x_wconf 89' lang='lat' dir='ltr'>comminutas</span> <span class='ocrx_word' id='word_1_49' title='bbox 1262 476 1368 509; x_wconf 76' lang='lat' dir='ltr'>esse3</span> <span class='ocrx_word' id='word_1_50' title='bbox 1388 476 1451 503; x_wconf 86' lang='lat' dir='ltr'>sa·</span> 
     </span>
     <span class='ocr_line' id='line_1_7' title="bbox 46 518 1453 570; baseline 0.001 -13"><span class='ocrx_word' id='word_1_51' title='bbox 46 519 96 557; x_wconf 91' lang='lat' dir='ltr'>tis</span> <span class='ocrx_word' id='word_1_52' title='bbox 114 531 227 570; x_wconf 89' lang='lat' dir='ltr'>saepe</span> <span class='ocrx_word' id='word_1_53' title='bbox 242 519 317 558; x_wconf 90' lang='lat' dir='ltr'>iam</span> <span class='ocrx_word' id='word_1_54' title='bbox 334 525 372 557; x_wconf 86' lang='lat' dir='ltr'>et</span> <span class='ocrx_word' id='word_1_55' title='bbox 387 518 568 556; x_wconf 83' lang='lat' dir='ltr'>virtutem</span> <span class='ocrx_word' id='word_1_56' title='bbox 588 519 757 557; x_wconf 90' lang='lat' dir='ltr'>militum</span> <span class='ocrx_word' id='word_1_57' title='bbox 776 525 814 557; x_wconf 88' lang='lat' dir='ltr'>et</span> <span class='ocrx_word' id='word_1_58' title='bbox 831 519 1027 557; x_wconf 86' lang='lat' dir='ltr'>fortunam</span> <span class='ocrx_word' id='word_1_59' title='bbox 1045 524 1293 569; x_wconf 77' lang='lat' dir='ltr'>temptatam3</span> <span class='ocrx_word' id='word_1_60' title='bbox 1311 525 1453 565; x_wconf 77' lang='lat' dir='ltr'>caveat,</span> 
     </span>
     <span class='ocr_line' id='line_1_8' title="bbox 48 574 1497 626; baseline 0.001 -13"><span class='ocrx_word' id='word_1_61' title='bbox 48 587 98 614; x_wconf 88' lang='lat' dir='ltr'>ne</span> <span class='ocrx_word' id='word_1_62' title='bbox 119 575 182 613; x_wconf 90' lang='lat' dir='ltr'>illo</span> <span class='ocrx_word' id='word_1_63' title='bbox 205 580 407 613; x_wconf 81' lang='lat' dir='ltr'>cunctante</span> <span class='ocrx_word' id='word_1_64' title='bbox 429 574 619 612; x_wconf 82' lang='lat' dir='ltr'>Numidae</span> <span class='ocrx_word' id='word_1_65' title='bbox 641 575 714 613; x_wconf 88' lang='lat' dir='ltr'>sibi</span> <span class='ocrx_word' id='word_1_66' title='bbox 737 576 954 614; x_wconf 87' lang='lat' dir='ltr'>consulant.</span> <span class='ocrx_word' id='word_1_67' title='bbox 988 575 1054 613; x_wconf 92' lang='lat' dir='ltr'>His</span> <span class='ocrx_word' id='word_1_68' title='bbox 1077 581 1192 626; x_wconf 84' lang='lat' dir='ltr'>atque</span> <span class='ocrx_word' id='word_1_69' title='bbox 1212 575 1351 614; x_wconf 87' lang='lat' dir='ltr'>talibus</span> <span class='ocrx_word' id='word_1_70' title='bbox 1370 576 1452 615; x_wconf 89' lang='lat' dir='ltr'>aliis</span> <span class='ocrx_word' id='word_1_71' title='bbox 1479 584 1497 615; x_wconf 82' lang='lat'>2</span> 
     </span>
     <span class='ocr_line' id='line_1_9' title="bbox 47 630 1501 682; baseline 0.001 -12"><span class='ocrx_word' id='word_1_72' title='bbox 47 632 95 670; x_wconf 85' lang='lat' dir='ltr'>ad</span> <span class='ocrx_word' id='word_1_73' title='bbox 112 631 349 670; x_wconf 87' lang='lat' dir='ltr'>deditionem</span> <span class='ocrx_word' id='word_1_74' title='bbox 366 631 468 680; x_wconf 86' lang='lat' dir='ltr'>regis</span> <span class='ocrx_word' id='word_1_75' title='bbox 486 630 661 669; x_wconf 90' lang='lat' dir='ltr'>animum</span> <span class='ocrx_word' id='word_1_76' title='bbox 686 631 848 682; x_wconf 89' lang='lat' dir='ltr'>inpellit.</span> <span class='ocrx_word' id='word_1_77' title='bbox 886 630 1096 669; x_wconf 80' lang='lat' dir='ltr'>Mittuntur</span> <span class='ocrx_word' id='word_1_78' title='bbox 1112 632 1158 669; x_wconf 89' lang='lat' dir='ltr'>ad</span> <span class='ocrx_word' id='word_1_79' title='bbox 1176 632 1452 682; x_wconf 81' lang='lat' dir='ltr'>imperatorem</span> <span class='ocrx_word' id='word_1_80' title='bbox 1482 642 1501 672; x_wconf 84' lang='lat'><strong>3</strong></span> 
     </span>
     <span class='ocr_line' id='line_1_10' title="bbox 47 687 1454 738; baseline 0.001 -12"><span class='ocrx_word' id='word_1_81' title='bbox 47 687 178 737; x_wconf 81' lang='lat' dir='ltr'>legati,</span> <span class='ocrx_word' id='word_1_82' title='bbox 208 687 275 738; x_wconf 86' lang='lat' dir='ltr'>qui</span> <span class='ocrx_word' id='word_1_83' title='bbox 302 687 527 737; x_wconf 83' lang='lat' dir='ltr'>Iugurtham</span> <span class='ocrx_word' id='word_1_84' title='bbox 556 687 746 738; x_wconf 88' lang='lat' dir='ltr'>imperata</span> <span class='ocrx_word' id='word_1_85' title='bbox 777 688 972 726; x_wconf 84' lang='lat' dir='ltr'>facturum</span> <span class='ocrx_word' id='word_1_86' title='bbox 1002 688 1178 726; x_wconf 80' lang='lat' dir='ltr'>dicerent</span> <span class='ocrx_word' id='word_1_87' title='bbox 1208 701 1251 727; x_wconf 90' lang='lat' dir='ltr'>ac</span> <span class='ocrx_word' id='word_1_88' title='bbox 1272 689 1357 727; x_wconf 89' lang='lat' dir='ltr'>sine</span> <span class='ocrx_word' id='word_1_89' title='bbox 1379 689 1454 728; x_wconf 91' lang='lat' dir='ltr'>ulla</span> 
     </span>
     <span class='ocr_line' id='line_1_11' title="bbox 46 743 1498 796; baseline 0.003 -15"><span class='ocrx_word' id='word_1_90' title='bbox 46 743 225 796; x_wconf 87' lang='lat' dir='ltr'>pactione</span> <span class='ocrx_word' id='word_1_91' title='bbox 247 756 333 782; x_wconf 83' lang='lat' dir='ltr'>sese</span> <span class='ocrx_word' id='word_1_92' title='bbox 353 755 598 794; x_wconf 86' lang='lat' dir='ltr'>regnumque</span> <span class='ocrx_word' id='word_1_93' title='bbox 619 757 734 782; x_wconf 89' lang='lat' dir='ltr'>suum</span> <span class='ocrx_word' id='word_1_94' title='bbox 756 744 795 783; x_wconf 91' lang='lat' dir='ltr'>in</span> <span class='ocrx_word' id='word_1_95' title='bbox 817 744 918 782; x_wconf 89' lang='lat' dir='ltr'>illius</span> <span class='ocrx_word' id='word_1_96' title='bbox 941 744 1054 782; x_wconf 76' lang='lat' dir='ltr'>fidem</span> <span class='ocrx_word' id='word_1_97' title='bbox 1079 744 1246 783; x_wconf 87' lang='lat' dir='ltr'>tradere.</span> <span class='ocrx_word' id='word_1_98' title='bbox 1277 744 1452 784; x_wconf 84' lang='lat' dir='ltr'>Metellus</span> <span class='ocrx_word' id='word_1_99' title='bbox 1479 754 1498 785; x_wconf 77' lang='lat'>4</span> 
     </span>
     <span class='ocr_line' id='line_1_12' title="bbox 46 800 1456 851; baseline 0.001 -13"><span class='ocrx_word' id='word_1_100' title='bbox 46 812 211 851; x_wconf 89' lang='lat' dir='ltr'>propere</span> <span class='ocrx_word' id='word_1_101' title='bbox 233 805 394 839; x_wconf 85' lang='lat' dir='ltr'>cunctos</span> <span class='ocrx_word' id='word_1_102' title='bbox 416 800 600 838; x_wconf 87' lang='lat' dir='ltr'>senatorii</span> <span class='ocrx_word' id='word_1_103' title='bbox 621 800 771 839; x_wconf 87' lang='lat' dir='ltr'>ordinis</span> <span class='ocrx_word' id='word_1_104' title='bbox 800 813 844 838; x_wconf 84' lang='lat' dir='ltr'>ex</span> <span class='ocrx_word' id='word_1_105' title='bbox 867 800 1038 838; x_wconf 83' lang='lat' dir='ltr'>hibernis</span> <span class='ocrx_word' id='word_1_106' title='bbox 1060 801 1204 839; x_wconf 79' lang='lat' dir='ltr'>arcessi</span> <span class='ocrx_word' id='word_1_107' title='bbox 1231 801 1357 847; x_wconf 76' lang='lat' dir='ltr'>iubet3</span> <span class='ocrx_word' id='word_1_108' title='bbox 1387 814 1456 840; x_wconf 87' lang='lat' dir='ltr'>eo-</span> 
     </span>
     <span class='ocr_line' id='line_1_13' title="bbox 46 855 1497 907; baseline 0.001 -13"><span class='ocrx_word' id='word_1_109' title='bbox 46 868 132 895; x_wconf 88' lang='lat' dir='ltr'>rum</span> <span class='ocrx_word' id='word_1_110' title='bbox 152 861 189 894; x_wconf 81' lang='lat' dir='ltr'>et</span> <span class='ocrx_word' id='word_1_111' title='bbox 206 857 380 903; x_wconf 86' lang='lat' dir='ltr'>aliorum,</span> <span class='ocrx_word' id='word_1_112' title='bbox 398 869 496 907; x_wconf 88' lang='lat' dir='ltr'>quos</span> <span class='ocrx_word' id='word_1_113' title='bbox 513 855 675 895; x_wconf 87' lang='lat' dir='ltr'>idoneos</span> <span class='ocrx_word' id='word_1_114' title='bbox 694 857 870 896; x_wconf 86' lang='lat' dir='ltr'>ducebat.</span> <span class='ocrx_word' id='word_1_115' title='bbox 889 856 1095 895; x_wconf 88' lang='lat' dir='ltr'>consilium</span> <span class='ocrx_word' id='word_1_116' title='bbox 1113 857 1238 896; x_wconf 86' lang='lat' dir='ltr'>hahet.</span> <span class='ocrx_word' id='word_1_117' title='bbox 1271 858 1324 896; x_wconf 84' lang='lat' dir='ltr'>lta</span> <span class='ocrx_word' id='word_1_118' title='bbox 1344 870 1453 897; x_wconf 87' lang='lat' dir='ltr'>more</span> <span class='ocrx_word' id='word_1_119' title='bbox 1479 867 1497 896; x_wconf 82' lang='lat'>5</span> 
     </span>
     <span class='ocr_line' id='line_1_14' title="bbox 47 912 1454 964; baseline 0.001 -13"><span class='ocrx_word' id='word_1_120' title='bbox 47 912 239 951; x_wconf 89' lang='lat' dir='ltr'>maiorum</span> <span class='ocrx_word' id='word_1_121' title='bbox 262 926 307 951; x_wconf 80' lang='lat' dir='ltr'>ex</span> <span class='ocrx_word' id='word_1_122' title='bbox 325 913 456 952; x_wconf 84' lang='lat' dir='ltr'>consili</span> <span class='ocrx_word' id='word_1_123' title='bbox 476 912 633 951; x_wconf 84' lang='lat' dir='ltr'>decreto</span> <span class='ocrx_word' id='word_1_124' title='bbox 652 925 720 964; x_wconf 88' lang='lat' dir='ltr'>per</span> <span class='ocrx_word' id='word_1_125' title='bbox 735 914 878 964; x_wconf 84' lang='lat' dir='ltr'>legatos</span> <span class='ocrx_word' id='word_1_126' title='bbox 899 913 1106 962; x_wconf 77' lang='lat' dir='ltr'>lugurthae</span> <span class='ocrx_word' id='word_1_127' title='bbox 1123 913 1287 964; x_wconf 90' lang='lat' dir='ltr'>imperat</span> <span class='ocrx_word' id='word_1_128' title='bbox 1305 914 1454 964; x_wconf 85' lang='lat' dir='ltr'>argenti</span> 
     </span>
     <span class='ocr_line' id='line_1_15' title="bbox 46 969 1455 1020; baseline 0.001 -14"><span class='ocrx_word' id='word_1_129' title='bbox 46 969 177 1020; x_wconf 91' lang='lat' dir='ltr'>pondo</span> <span class='ocrx_word' id='word_1_130' title='bbox 210 970 374 1008; x_wconf 82' lang='lat' dir='ltr'>duc-enta</span> <span class='ocrx_word' id='word_1_131' title='bbox 402 969 525 1013; x_wconf 83' lang='lat' dir='ltr'>milia,</span> <span class='ocrx_word' id='word_1_132' title='bbox 557 969 782 1020; x_wconf 81' lang='lat' dir='ltr'>elephantos</span> <span class='ocrx_word' id='word_1_133' title='bbox 803 969 951 1013; x_wconf 75' lang='lat' dir='ltr'>omnis,</span> <span class='ocrx_word' id='word_1_134' title='bbox 982 981 1171 1019; x_wconf 89' lang='lat' dir='ltr'>equorum</span> <span class='ocrx_word' id='word_1_135' title='bbox 1197 975 1234 1008; x_wconf 79' lang='lat' dir='ltr'>et</span> <span class='ocrx_word' id='word_1_136' title='bbox 1255 982 1455 1008; x_wconf 88' lang='lat' dir='ltr'>armorum</span> 
     </span>
     <span class='ocr_line' id='line_1_16' title="bbox 47 1025 1500 1077; baseline -0.001 -14"><span class='ocrx_word' id='word_1_137' title='bbox 47 1025 303 1076; x_wconf 87' lang='lat' dir='ltr'>aliquantum.</span> <span class='ocrx_word' id='word_1_138' title='bbox 380 1038 450 1064; x_wconf 87' lang='lat' dir='ltr'>uae</span> <span class='ocrx_word' id='word_1_139' title='bbox 470 1031 680 1077; x_wconf 84' lang='lat' dir='ltr'>postquam</span> <span class='ocrx_word' id='word_1_140' title='bbox 702 1026 787 1064; x_wconf 88' lang='lat' dir='ltr'>sine</span> <span class='ocrx_word' id='word_1_141' title='bbox 809 1038 916 1064; x_wconf 88' lang='lat' dir='ltr'>mora</span> <span class='ocrx_word' id='word_1_142' title='bbox 938 1026 1036 1064; x_wconf 80' lang='lat' dir='ltr'>facta</span> <span class='ocrx_word' id='word_1_143' title='bbox 1058 1032 1170 1070; x_wconf 82' lang='lat' dir='ltr'>sunt,</span> <span class='ocrx_word' id='word_1_144' title='bbox 1198 1026 1305 1065; x_wconf 85' lang='lat' dir='ltr'>iuhet</span> <span class='ocrx_word' id='word_1_145' title='bbox 1327 1027 1455 1065; x_wconf 85' lang='lat' dir='ltr'>omnis</span> <span class='ocrx_word' id='word_1_146' title='bbox 1481 1034 1500 1061; x_wconf 74' lang='lat' dir='ltr'>ss</span> 
     </span>
     <span class='ocr_line' id='line_1_17' title="bbox 47 1082 1500 1133; baseline 0.001 -14"><span class='ocrx_word' id='word_1_147' title='bbox 47 1082 228 1133; x_wconf 82' lang='lat' dir='ltr'>perfugas</span> <span class='ocrx_word' id='word_1_148' title='bbox 259 1083 347 1121; x_wconf 76' lang='lat' dir='ltr'>vinc</span> <span class='ocrx_word' id='word_1_149' title='bbox 367 1095 410 1120; x_wconf 89' lang='lat' dir='ltr'>os</span> <span class='ocrx_word' id='word_1_150' title='bbox 439 1082 589 1121; x_wconf 88' lang='lat' dir='ltr'>adduci.</span> <span class='ocrx_word' id='word_1_151' title='bbox 630 1082 775 1121; x_wconf 90' lang='lat' dir='ltr'>Eorum</span> <span class='ocrx_word' id='word_1_152' title='bbox 808 1094 944 1132; x_wconf 77' lang='lat' dir='ltr'>magna</span> <span class='ocrx_word' id='word_1_153' title='bbox 966 1094 1073 1133; x_wconf 85' lang='lat' dir='ltr'>pars.</span> <span class='ocrx_word' id='word_1_154' title='bbox 1106 1082 1163 1120; x_wconf 91' lang='lat' dir='ltr'>uti</span> <span class='ocrx_word' id='word_1_155' title='bbox 1189 1083 1340 1121; x_wconf 88' lang='lat' dir='ltr'>iussum</span> <span class='ocrx_word' id='word_1_156' title='bbox 1362 1088 1455 1128; x_wconf 76' lang='lat' dir='ltr'>erat,</span> <span class='ocrx_word' id='word_1_157' title='bbox 1483 1091 1500 1121; x_wconf 73' lang='lat'>7</span> 
     </span>
     <span class='ocr_line' id='line_1_18' title="bbox 47 1138 1455 1189; baseline 0.001 -13"><span class='ocrx_word' id='word_1_158' title='bbox 47 1138 226 1185; x_wconf 76' lang='lat' dir='ltr'>adducti3</span> <span class='ocrx_word' id='word_1_159' title='bbox 247 1139 368 1189; x_wconf 72' lang='lat' dir='ltr'>pauci,</span> <span class='ocrx_word' id='word_1_160' title='bbox 391 1151 479 1177; x_wconf 90' lang='lat' dir='ltr'>cum</span> <span class='ocrx_word' id='word_1_161' title='bbox 502 1139 673 1189; x_wconf 88' lang='lat' dir='ltr'>primum</span> <span class='ocrx_word' id='word_1_162' title='bbox 695 1139 836 1177; x_wconf 90' lang='lat' dir='ltr'>deditio</span> <span class='ocrx_word' id='word_1_163' title='bbox 859 1139 1003 1189; x_wconf 85' lang='lat' dir='ltr'>coepit,</span> <span class='ocrx_word' id='word_1_164' title='bbox 1036 1139 1082 1177; x_wconf 86' lang='lat' dir='ltr'>ad</span> <span class='ocrx_word' id='word_1_165' title='bbox 1105 1151 1236 1189; x_wconf 80' lang='lat' dir='ltr'>regem</span> <span class='ocrx_word' id='word_1_166' title='bbox 1259 1139 1455 1178; x_wconf 88' lang='lat' dir='ltr'>Bocchum</span> 
     </span>
     <span class='ocr_line' id='line_1_19' title="bbox 46 1194 1500 1246; baseline 0.001 -13"><span class='ocrx_word' id='word_1_167' title='bbox 46 1195 87 1233; x_wconf 90' lang='lat' dir='ltr'>in</span> <span class='ocrx_word' id='word_1_168' title='bbox 108 1194 388 1234; x_wconf 86' lang='lat' dir='ltr'>Mauretaniam</span> <span class='ocrx_word' id='word_1_169' title='bbox 410 1195 596 1234; x_wconf 81' lang='lat' dir='ltr'>abierant.</span> <span class='ocrx_word' id='word_1_170' title='bbox 639 1195 759 1245; x_wconf 86' lang='lat' dir='ltr'>lgitur</span> <span class='ocrx_word' id='word_1_171' title='bbox 780 1195 976 1245; x_wconf 83' lang='lat' dir='ltr'>Iugurtha,</span> <span class='ocrx_word' id='word_1_172' title='bbox 1000 1195 1066 1233; x_wconf 91' lang='lat' dir='ltr'>ubi</span> <span class='ocrx_word' id='word_1_173' title='bbox 1088 1195 1205 1234; x_wconf 86' lang='lat' dir='ltr'>armis</span> <span class='ocrx_word' id='word_1_174' title='bbox 1228 1195 1396 1246; x_wconf 81' lang='lat' dir='ltr'>virisque</span> <span class='ocrx_word' id='word_1_175' title='bbox 1418 1201 1457 1235; x_wconf 87' lang='lat' dir='ltr'>et</span> <span class='ocrx_word' id='word_1_176' title='bbox 1483 1204 1500 1235; x_wconf 78' lang='lat' dir='ltr'>S</span> 
     </span>
     <span class='ocr_line' id='line_1_20' title="bbox 46 1251 1456 1303; baseline 0.001 -14"><span class='ocrx_word' id='word_1_177' title='bbox 46 1252 210 1302; x_wconf 85' lang='lat' dir='ltr'>pecunia</span> <span class='ocrx_word' id='word_1_178' title='bbox 233 1252 421 1303; x_wconf 86' lang='lat' dir='ltr'>spoliatus</span> <span class='ocrx_word' id='word_1_179' title='bbox 442 1257 521 1298; x_wconf 84' lang='lat' dir='ltr'>est,</span> <span class='ocrx_word' id='word_1_180' title='bbox 552 1264 639 1290; x_wconf 87' lang='lat' dir='ltr'>cum</span> <span class='ocrx_word' id='word_1_181' title='bbox 662 1253 743 1302; x_wconf 87' lang='lat' dir='ltr'>ipse</span> <span class='ocrx_word' id='word_1_182' title='bbox 765 1251 811 1291; x_wconf 93' lang='lat' dir='ltr'>ad</span> <span class='ocrx_word' id='word_1_183' title='bbox 833 1251 1110 1302; x_wconf 81' lang='lat' dir='ltr'>imperandum</span> <span class='ocrx_word' id='word_1_184' title='bbox 1130 1251 1320 1290; x_wconf 87' lang='lat' dir='ltr'>Tisidium</span> <span class='ocrx_word' id='word_1_185' title='bbox 1343 1264 1456 1290; x_wconf 88' lang='lat' dir='ltr'>voca-</span> 
     </span>
    </p>
   </div>
   <div class='ocr_carea' id='block_1_3' title="bbox 47 1360 713 1496">
    <p class='ocr_par' dir='ltr' id='par_1_3' title="bbox 47 1360 713 1496">
     <span class='ocr_line' id='line_1_21' title="bbox 92 1360 713 1407; baseline -0.002 -10"><span class='ocrx_word' id='word_1_186' title='bbox 92 1360 157 1397; x_wconf 71' lang='lat'>52.</span> <span class='ocrx_word' id='word_1_187' title='bbox 197 1364 228 1396; x_wconf 90' lang='grc'>3.</span> <span class='ocrx_word' id='word_1_188' title='bbox 270 1365 443 1407; x_wconf 70' lang='lat' dir='ltr'>factarum</span> <span class='ocrx_word' id='word_1_189' title='bbox 477 1389 485 1398; x_wconf 87' lang='lat'>.</span> <span class='ocrx_word' id='word_1_190' title='bbox 520 1389 526 1395; x_wconf 94' lang='lat'>.</span> <span class='ocrx_word' id='word_1_191' title='bbox 562 1363 713 1396; x_wconf 79' lang='lat' dir='ltr'>tradere:</span> 
     </span>
     <span class='ocr_line' id='line_1_22' title="bbox 47 1408 713 1443; baseline -0.005 0"><span class='ocrx_word' id='word_1_192' title='bbox 47 1411 191 1443; x_wconf 71' lang='lat' dir='ltr'>VVarum</span> <span class='ocrx_word' id='word_1_193' title='bbox 223 1415 337 1442; x_wconf 83' lang='lat' dir='ltr'>zuerst</span> <span class='ocrx_word' id='word_1_194' title='bbox 369 1410 428 1441; x_wconf 88' lang='lat' dir='ltr'>der</span> <span class='ocrx_word' id='word_1_195' title='bbox 460 1408 519 1440; x_wconf 86' lang='lat' dir='ltr'>Ins.</span> <span class='ocrx_word' id='word_1_196' title='bbox 552 1408 613 1441; x_wconf 88' lang='lat' dir='ltr'>fut.</span> <span class='ocrx_word' id='word_1_197' title='bbox 647 1409 713 1441; x_wconf 87' lang='lat' dir='ltr'>und</span> 
     </span>
     <span class='ocr_line' id='line_1_23' title="bbox 48 1454 712 1496; baseline -0.003 -9"><span class='ocrx_word' id='word_1_198' title='bbox 48 1456 133 1487; x_wconf 83' lang='lat' dir='ltr'>dana</span> <span class='ocrx_word' id='word_1_199' title='bbox 152 1455 210 1486; x_wconf 90' lang='lat' dir='ltr'>der</span> <span class='ocrx_word' id='word_1_200' title='bbox 226 1454 285 1486; x_wconf 85' lang='lat' dir='ltr'>luf.</span> <span class='ocrx_word' id='word_1_201' title='bbox 303 1464 414 1496; x_wconf 84' lang='lat' dir='ltr'>praes.</span> <span class='ocrx_word' id='word_1_202' title='bbox 433 1459 562 1494; x_wconf 73' lang='lat' dir='ltr'>gesetzt</span> <span class='ocrx_word' id='word_1_203' title='bbox 580 1455 637 1493; x_wconf 87' lang='lat' dir='ltr'>ist,</span> <span class='ocrx_word' id='word_1_204' title='bbox 656 1465 712 1486; x_wconf 87' lang='lat' dir='ltr'>er-</span> 
     </span>
    </p>
   </div>
   <div class='ocr_carea' id='block_1_4' title="bbox 783 1362 1455 1500">
    <p class='ocr_par' dir='ltr' id='par_1_4' title="bbox 783 1362 1455 1496">
     <span class='ocr_line' id='line_1_24' title="bbox 783 1362 1453 1408; baseline 0.004 -13"><span class='ocrx_word' id='word_1_205' title='bbox 783 1364 850 1408; x_wconf 75' lang='grc' dir='ltr'>μὲν</span> <span class='ocrx_word' id='word_1_206' title='bbox 867 1361 1068 1407; x_wconf 74' lang='grc' dir='ltr'><em>τὰςχεῖρας</em></span> <span class='ocrx_word' id='word_1_207' title='bbox 1084 1362 1272 1408; x_wconf 77' lang='grc' dir='ltr'><em>ἀπέτειινε,</em></span> <span class='ocrx_word' id='word_1_208' title='bbox 1303 1363 1386 1401; x_wconf 81' lang='grc' dir='ltr'><em>τοὺς</em></span> <span class='ocrx_word' id='word_1_209' title='bbox 1414 1365 1453 1398; x_wconf 76' lang='grc' dir='ltr'>δὲ</span> 
     </span>
     <span class='ocr_line' id='line_1_25' title="bbox 783 1408 1455 1464; baseline 0.004 -24"><span class='ocrx_word' id='word_1_210' title='bbox 783 1409 819 1445; x_wconf 75' lang='grc' dir='ltr'>ἐς</span> <span class='ocrx_word' id='word_1_211' title='bbox 849 1408 913 1449; x_wconf 80' lang='grc' dir='ltr'>τὴν</span> <span class='ocrx_word' id='word_1_212' title='bbox 946 1410 1016 1451; x_wconf 49' lang='grc' dir='ltr'>φῆν</span> <span class='ocrx_word' id='word_1_213' title='bbox 1046 1411 1153 1453; x_wconf 78' lang='grc' dir='ltr'><em>μέχοι</em></span> <span class='ocrx_word' id='word_1_214' title='bbox 1185 1408 1344 1464; x_wconf 61' lang='grc' dir='ltr'>μιστρὸς</span> <span class='ocrx_word' id='word_1_215' title='bbox 1369 1422 1455 1443; x_wconf 79' lang='grc' dir='ltr'><em>κατ-</em></span> 
     </span>
     <span class='ocr_line' id='line_1_26' title="bbox 785 1450 1452 1500; baseline 0.004 -15"><span class='ocrx_word' id='word_1_216' title='bbox 785 1453 940 1497; x_wconf 81' lang='grc' dir='ltr'><em>ώυυσσε,</em></span> <span class='ocrx_word' id='word_1_217' title='bbox 972 1456 1031 1487; x_wconf 80' lang='grc' dir='ltr'>καὶ</span> <span class='ocrx_word' id='word_1_218' title='bbox 1062 1450 1295 1500; x_wconf 75' lang='grc' dir='ltr'><em>πεοιῑοξεύωι</em></span> <span class='ocrx_word' id='word_1_219' title='bbox 1318 1452 1338 1496; x_wconf 86' lang='grc' dir='ltr'>ἢ</span> <span class='ocrx_word' id='word_1_220' title='bbox 1367 1455 1452 1488; x_wconf 75' lang='grc' dir='ltr'><em>ἔσα-</em></span> 
     </span>
    </p>
   </div>
   <div class='ocr_carea' id='block_1_5' title="bbox 46 1499 717 2625">
    <p class='ocr_par' dir='ltr' id='par_1_5' title="bbox 47 1499 712 1586">
     <span class='ocr_line' id='line_1_27' title="bbox 47 1499 712 1541; baseline 0 -10"><span class='ocrx_word' id='word_1_221' title='bbox 47 1501 138 1541; x_wconf 86' lang='lat' dir='ltr'>giebt</span> <span class='ocrx_word' id='word_1_222' title='bbox 154 1501 226 1531; x_wconf 87' lang='lat' dir='ltr'>sich</span> <span class='ocrx_word' id='word_1_223' title='bbox 243 1510 302 1532; x_wconf 89' lang='lat' dir='ltr'>aus</span> <span class='ocrx_word' id='word_1_224' title='bbox 321 1500 378 1531; x_wconf 86' lang='lat' dir='ltr'>der</span> <span class='ocrx_word' id='word_1_225' title='bbox 389 1499 599 1531; x_wconf 82' lang='lat' dir='ltr'>natiirlichen</span> <span class='ocrx_word' id='word_1_226' title='bbox 608 1499 712 1541; x_wconf 83' lang='lat' dir='ltr'>Folge</span> 
     </span>
     <span class='ocr_line' id='line_1_28' title="bbox 49 1545 495 1586; baseline -0.004 -9"><span class='ocrx_word' id='word_1_227' title='bbox 49 1547 108 1577; x_wconf 85' lang='lat' dir='ltr'>der</span> <span class='ocrx_word' id='word_1_228' title='bbox 125 1546 359 1586; x_wconf 83' lang='lat' dir='ltr'>angegebenen</span> <span class='ocrx_word' id='word_1_229' title='bbox 378 1545 495 1585; x_wconf 82' lang='lat' dir='ltr'>Dinge.</span> 
     </span>
    </p>

    <p class='ocr_par' dir='ltr' id='par_1_6' title="bbox 92 1589 714 1632">
     <span class='ocr_line' id='line_1_29' title="bbox 92 1589 714 1632; baseline -0.002 -10"><span class='ocrx_word' id='word_1_230' title='bbox 92 1592 166 1622; x_wconf 80' lang='lat' dir='ltr'>sine</span> <span class='ocrx_word' id='word_1_231' title='bbox 181 1589 249 1622; x_wconf 80' lang='lat' dir='ltr'>ulla</span> <span class='ocrx_word' id='word_1_232' title='bbox 262 1591 430 1632; x_wconf 70' lang='lat' dir='ltr'>pactione.-</span> <span class='ocrx_word' id='word_1_233' title='bbox 456 1589 586 1621; x_wconf 86' lang='lat' dir='ltr'>Friiher</span> <span class='ocrx_word' id='word_1_234' title='bbox 603 1590 642 1630; x_wconf 91' lang='lat' dir='ltr'>(s.</span> <span class='ocrx_word' id='word_1_235' title='bbox 660 1590 714 1631; x_wconf 82' lang='lat'>46,</span> 
     </span>
    </p>

    <p class='ocr_par' dir='ltr' id='par_1_7' title="bbox 47 1634 712 1720">
     <span class='ocr_line' id='line_1_30' title="bbox 78 1634 712 1675; baseline 0 -9"><span class='ocrx_word' id='word_1_236' title='bbox 78 1636 158 1674; x_wconf 71' lang='lat'>247,</span> <span class='ocrx_word' id='word_1_237' title='bbox 178 1635 210 1674; x_wconf 78' lang='lat'>3)</span> <span class='ocrx_word' id='word_1_238' title='bbox 240 1636 332 1666; x_wconf 84' lang='lat' dir='ltr'>hatte</span> <span class='ocrx_word' id='word_1_239' title='bbox 350 1645 387 1666; x_wconf 91' lang='lat' dir='ltr'>er</span> <span class='ocrx_word' id='word_1_240' title='bbox 415 1634 488 1666; x_wconf 84' lang='lat' dir='ltr'>sich</span> <span class='ocrx_word' id='word_1_241' title='bbox 514 1635 629 1666; x_wconf 86' lang='lat' dir='ltr'>immer</span> <span class='ocrx_word' id='word_1_242' title='bbox 656 1645 712 1675; x_wconf 88' lang='lat' dir='ltr'>ge—</span> 
     </span>
     <span class='ocr_line' id='line_1_31' title="bbox 47 1679 532 1720; baseline -0.002 -8"><span class='ocrx_word' id='word_1_243' title='bbox 47 1681 149 1712; x_wconf 86' lang='lat' dir='ltr'>wisse</span> <span class='ocrx_word' id='word_1_244' title='bbox 166 1680 272 1720; x_wconf 85' lang='lat' dir='ltr'>Dinge</span> <span class='ocrx_word' id='word_1_245' title='bbox 289 1679 532 1720; x_wconf 81' lang='lat' dir='ltr'>ausbedungen.</span> 
     </span>
    </p>

    <p class='ocr_par' dir='ltr' id='par_1_8' title="bbox 46 1725 713 2127">
     <span class='ocr_line' id='line_1_32' title="bbox 94 1725 712 1765; baseline -0.003 -8"><span class='ocrx_word' id='word_1_246' title='bbox 94 1727 124 1757; x_wconf 93' lang='lat'>5.</span> <span class='ocrx_word' id='word_1_247' title='bbox 166 1735 258 1756; x_wconf 82' lang='lat' dir='ltr'>more</span> <span class='ocrx_word' id='word_1_248' title='bbox 295 1727 484 1756; x_wconf 76' lang='lat' dir='ltr'>maiorum:</span> <span class='ocrx_word' id='word_1_249' title='bbox 519 1725 638 1765; x_wconf 69' lang='lat' dir='ltr'>gehfirt</span> <span class='ocrx_word' id='word_1_250' title='bbox 672 1735 712 1755; x_wconf 92' lang='lat' dir='ltr'>zu</span> 
     </span>
     <span class='ocr_line' id='line_1_33' title="bbox 48 1769 712 1802; baseline -0.003 0"><span class='ocrx_word' id='word_1_251' title='bbox 48 1770 119 1802; x_wconf 83' lang='lat' dir='ltr'>dem</span> <span class='ocrx_word' id='word_1_252' title='bbox 136 1770 370 1802; x_wconf 86' lang='lat' dir='ltr'>verbundeuen</span> <span class='ocrx_word' id='word_1_253' title='bbox 389 1781 433 1801; x_wconf 73' lang='lat' dir='ltr'>ea:</span> <span class='ocrx_word' id='word_1_254' title='bbox 449 1769 571 1801; x_wconf 74' lang='lat' dir='ltr'>consili</span> <span class='ocrx_word' id='word_1_255' title='bbox 585 1769 712 1801; x_wconf 80' lang='lat' dir='ltr'>decreto</span> 
     </span>
     <span class='ocr_line' id='line_1_34' title="bbox 48 1814 713 1858; baseline -0.003 -11"><span class='ocrx_word' id='word_1_256' title='bbox 48 1817 254 1858; x_wconf 74' lang='lat' dir='ltr'>i7taepe1at‚so</span> <span class='ocrx_word' id='word_1_257' title='bbox 281 1815 357 1846; x_wconf 90' lang='lat' dir='ltr'>dass</span> <span class='ocrx_word' id='word_1_258' title='bbox 388 1816 448 1847; x_wconf 88' lang='lat' dir='ltr'>der</span> <span class='ocrx_word' id='word_1_259' title='bbox 480 1814 636 1847; x_wconf 84' lang='lat' dir='ltr'>Gedanke</span> <span class='ocrx_word' id='word_1_260' title='bbox 668 1815 713 1846; x_wconf 85' lang='lat' dir='ltr'>ist</span> 
     </span>
     <span class='ocr_line' id='line_1_35' title="bbox 48 1860 712 1902; baseline 0 -11"><span class='ocrx_word' id='word_1_261' title='bbox 48 1871 110 1902; x_wconf 75' lang='lat' dir='ltr'>„er</span> <span class='ocrx_word' id='word_1_262' title='bbox 127 1860 278 1901; x_wconf 83' lang='lat' dir='ltr'>befragte</span> <span class='ocrx_word' id='word_1_263' title='bbox 311 1861 383 1892; x_wconf 87' lang='lat' dir='ltr'>dem</span> <span class='ocrx_word' id='word_1_264' title='bbox 410 1860 628 1892; x_wconf 86' lang='lat' dir='ltr'>Herkommen</span> <span class='ocrx_word' id='word_1_265' title='bbox 655 1870 712 1900; x_wconf 78' lang='lat' dir='ltr'>ge-</span> 
     </span>
     <span class='ocr_line' id='line_1_36' title="bbox 46 1903 711 1945; baseline -0.002 -8"><span class='ocrx_word' id='word_1_266' title='bbox 46 1905 130 1937; x_wconf 62' lang='lat' dir='ltr'>mass</span> <span class='ocrx_word' id='word_1_267' title='bbox 154 1906 216 1937; x_wconf 89' lang='lat' dir='ltr'>den</span> <span class='ocrx_word' id='word_1_268' title='bbox 242 1903 443 1945; x_wconf 78' lang='lat' dir='ltr'>Rriegsrath</span> <span class='ocrx_word' id='word_1_269' title='bbox 468 1905 537 1941; x_wconf 76' lang='lat' dir='ltr'>(das</span> <span class='ocrx_word' id='word_1_270' title='bbox 565 1909 711 1936; x_wconf 86' lang='lat' dir='ltr'>mussten</span> 
     </span>
     <span class='ocr_line' id='line_1_37' title="bbox 48 1950 712 1990; baseline -0.002 -8"><span class='ocrx_word' id='word_1_271' title='bbox 48 1951 101 1982; x_wconf 85' lang='lat' dir='ltr'>die</span> <span class='ocrx_word' id='word_1_272' title='bbox 118 1950 304 1982; x_wconf 80' lang='lat' dir='ltr'>Feldherrn</span> <span class='ocrx_word' id='word_1_273' title='bbox 322 1951 355 1981; x_wconf 92' lang='grc'>111</span> <span class='ocrx_word' id='word_1_274' title='bbox 376 1950 512 1982; x_wconf 84' lang='lat' dir='ltr'>solehen</span> <span class='ocrx_word' id='word_1_275' title='bbox 531 1950 712 1990; x_wconf 84' lang='lat' dir='ltr'>wichtigeu</span> 
     </span>
     <span class='ocr_line' id='line_1_38' title="bbox 49 1994 713 2033; baseline -0.002 -6"><span class='ocrx_word' id='word_1_276' title='bbox 49 1995 167 2028; x_wconf 64' lang='lat' dir='ltr'>Fauen</span> <span class='ocrx_word' id='word_1_277' title='bbox 185 1997 291 2033; x_wconf 61' lang='lat' dir='ltr'>thuni,</span> <span class='ocrx_word' id='word_1_278' title='bbox 321 1997 386 2026; x_wconf 89' lang='lat' dir='ltr'>und</span> <span class='ocrx_word' id='word_1_279' title='bbox 410 1994 519 2027; x_wconf 88' lang='lat' dir='ltr'>befahl</span> <span class='ocrx_word' id='word_1_280' title='bbox 539 1997 622 2027; x_wconf 82' lang='lat' dir='ltr'>uach</span> <span class='ocrx_word' id='word_1_281' title='bbox 639 1995 713 2026; x_wconf 86' lang='lat' dir='ltr'>des-</span> 
     </span>
     <span class='ocr_line' id='line_1_39' title="bbox 49 2040 713 2081; baseline -0.003 -9"><span class='ocrx_word' id='word_1_282' title='bbox 49 2052 106 2073; x_wconf 85' lang='lat' dir='ltr'>sen</span> <span class='ocrx_word' id='word_1_283' title='bbox 126 2040 378 2081; x_wconf 84' lang='lat' dir='ltr'>Entseheidung</span> <span class='ocrx_word' id='word_1_284' title='bbox 396 2040 486 2071; x_wconf 80' lang='lat' dir='ltr'>etc.“</span> <span class='ocrx_word' id='word_1_285' title='bbox 526 2040 634 2073; x_wconf 85' lang='lat' dir='ltr'>Ueber</span> <span class='ocrx_word' id='word_1_286' title='bbox 651 2040 713 2071; x_wconf 87' lang='lat' dir='ltr'>den</span> 
     </span>
     <span class='ocr_line' id='line_1_40' title="bbox 49 2085 415 2127; baseline -0.005 -9"><span class='ocrx_word' id='word_1_287' title='bbox 49 2085 252 2127; x_wconf 79' lang='lat' dir='ltr'>Kriegsrath</span> <span class='ocrx_word' id='word_1_288' title='bbox 270 2096 294 2117; x_wconf 91' lang='lat' dir='ltr'>s.</span> <span class='ocrx_word' id='word_1_289' title='bbox 314 2086 367 2124; x_wconf 81' lang='lat'>29,</span> <span class='ocrx_word' id='word_1_290' title='bbox 387 2087 415 2116; x_wconf 82' lang='lat'>5.</span> 
     </span>
    </p>

    <p class='ocr_par' dir='ltr' id='par_1_9' title="bbox 50 2129 716 2387">
     <span class='ocr_line' id='line_1_41' title="bbox 93 2129 714 2173; baseline -0.002 -11"><span class='ocrx_word' id='word_1_291' title='bbox 93 2141 169 2173; x_wconf 75' lang='lat' dir='ltr'>arg.</span> <span class='ocrx_word' id='word_1_292' title='bbox 194 2130 300 2173; x_wconf 84' lang='lat' dir='ltr'>pondo</span> <span class='ocrx_word' id='word_1_293' title='bbox 329 2130 402 2163; x_wconf 83' lang='lat' dir='ltr'>due.</span> <span class='ocrx_word' id='word_1_294' title='bbox 434 2129 547 2161; x_wconf 77' lang='lat' dir='ltr'>milia:</span> <span class='ocrx_word' id='word_1_295' title='bbox 580 2130 714 2162; x_wconf 85' lang='lat'><strong>200000</strong></span> 
     </span>
     <span class='ocr_line' id='line_1_42' title="bbox 51 2175 714 2208; baseline -0.002 -1"><span class='ocrx_word' id='word_1_296' title='bbox 51 2178 131 2208; x_wconf 79' lang='lat' dir='ltr'>rb‘m.</span> <span class='ocrx_word' id='word_1_297' title='bbox 161 2176 264 2208; x_wconf 80' lang='lat' dir='ltr'>Pfund</span> <span class='ocrx_word' id='word_1_298' title='bbox 295 2176 408 2208; x_wconf 86' lang='lat' dir='ltr'>Silber</span> <span class='ocrx_word' id='word_1_299' title='bbox 426 2191 440 2201; x_wconf 98' lang='lat'><strong><em>=</em></strong></span> <span class='ocrx_word' id='word_1_300' title='bbox 459 2175 636 2206; x_wconf 77' lang='grc'><strong>67200000</strong></span> <span class='ocrx_word' id='word_1_301' title='bbox 655 2175 714 2206; x_wconf 89' lang='lat' dir='ltr'>Se-</span> 
     </span>
     <span class='ocr_line' id='line_1_43' title="bbox 50 2219 713 2261; baseline -0.002 -9"><span class='ocrx_word' id='word_1_302' title='bbox 50 2222 241 2261; x_wconf 86' lang='lat' dir='ltr'>sterzen‚d.</span> <span class='ocrx_word' id='word_1_303' title='bbox 260 2221 283 2252; x_wconf 93' lang='lat' dir='ltr'>i.</span> <span class='ocrx_word' id='word_1_304' title='bbox 313 2225 401 2253; x_wconf 83' lang='lat' dir='ltr'>etwa</span> <span class='ocrx_word' id='word_1_305' title='bbox 433 2221 588 2253; x_wconf 80' lang='lat'>3929000</span> <span class='ocrx_word' id='word_1_306' title='bbox 618 2219 713 2251; x_wconf 86' lang='lat' dir='ltr'>Thal.</span> 
     </span>
     <span class='ocr_line' id='line_1_44' title="bbox 50 2264 715 2307; baseline 0 -11"><span class='ocrx_word' id='word_1_307' title='bbox 50 2265 175 2307; x_wconf 77' lang='lat' dir='ltr'>preul&#39;s.</span> <span class='ocrx_word' id='word_1_308' title='bbox 209 2266 289 2298; x_wconf 87' lang='lat' dir='ltr'>oder</span> <span class='ocrx_word' id='word_1_309' title='bbox 320 2266 476 2298; x_wconf 70' lang='lat'>6876000</span> <span class='ocrx_word' id='word_1_310' title='bbox 527 2264 602 2297; x_wconf 87' lang='lat' dir='ltr'>Gld.</span> <span class='ocrx_word' id='word_1_311' title='bbox 637 2275 715 2296; x_wconf 82' lang='lat' dir='ltr'>ver-</span> 
     </span>
     <span class='ocr_line' id='line_1_45' title="bbox 52 2309 716 2344; baseline 0 -3"><span class='ocrx_word' id='word_1_312' title='bbox 52 2310 150 2342; x_wconf 86' lang='lat' dir='ltr'>einsl.</span> <span class='ocrx_word' id='word_1_313' title='bbox 190 2311 271 2343; x_wconf 86' lang='lat' dir='ltr'>oder</span> <span class='ocrx_word' id='word_1_314' title='bbox 303 2311 458 2344; x_wconf 72' lang='lat'>5394000</span> <span class='ocrx_word' id='word_1_315' title='bbox 491 2309 568 2343; x_wconf 88' lang='lat' dir='ltr'>Gld.</span> <span class='ocrx_word' id='word_1_316' title='bbox 607 2312 716 2342; x_wconf 71' lang='lat' dir='ltr'>lister-</span> 
     </span>
     <span class='ocr_line' id='line_1_46' title="bbox 52 2356 156 2387; baseline -0.01 0"><span class='ocrx_word' id='word_1_317' title='bbox 52 2356 156 2387; x_wconf 86' lang='lat' dir='ltr'>reich.</span> 
     </span>
    </p>

    <p class='ocr_par' dir='ltr' id='par_1_10' title="bbox 51 2399 717 2621">
     <span class='ocr_line' id='line_1_47' title="bbox 97 2399 714 2434; baseline -0.002 -3"><span class='ocrx_word' id='word_1_318' title='bbox 97 2401 128 2431; x_wconf 81' lang='lat'>7.</span> <span class='ocrx_word' id='word_1_319' title='bbox 176 2411 292 2432; x_wconf 81' lang='lat' dir='ltr'>eorum</span> <span class='ocrx_word' id='word_1_320' title='bbox 321 2425 329 2434; x_wconf 85' lang='lat'>.</span> <span class='ocrx_word' id='word_1_321' title='bbox 353 2425 360 2432; x_wconf 92' lang='lat'>.</span> <span class='ocrx_word' id='word_1_322' title='bbox 389 2425 396 2432; x_wconf 95' lang='lat'>.</span> <span class='ocrx_word' id='word_1_323' title='bbox 421 2400 576 2432; x_wconf 76' lang='lat' dir='ltr'>adducti:</span> <span class='ocrx_word' id='word_1_324' title='bbox 616 2399 714 2431; x_wconf 86' lang='lat' dir='ltr'>lhuen</span> 
     </span>
     <span class='ocr_line' id='line_1_48' title="bbox 51 2445 715 2483; baseline 0.002 -7"><span class='ocrx_word' id='word_1_325' title='bbox 51 2446 332 2478; x_wconf 83' lang='lat' dir='ltr'>wahrscheiulich</span> <span class='ocrx_word' id='word_1_326' title='bbox 357 2445 540 2478; x_wconf 74' lang='lat' dir='ltr'>widerfuhr</span> <span class='ocrx_word' id='word_1_327' title='bbox 557 2446 627 2483; x_wconf 88' lang='lat' dir='ltr'>das,</span> <span class='ocrx_word' id='word_1_328' title='bbox 647 2455 715 2477; x_wconf 82' lang='lat' dir='ltr'>was</span> 
     </span>
     <span class='ocr_line' id='line_1_49' title="bbox 52 2491 717 2533; baseline -0.003 -12"><span class='ocrx_word' id='word_1_329' title='bbox 52 2491 550 2533; x_wconf 75' lang='lat' dir='ltr'>Appian.(Numid.3)e1·zahlt</span> <span class='ocrx_word' id='word_1_330' title='bbox 575 2491 717 2532; x_wconf 77' lang='grc' dir='ltr'><em>Θρακας</em></span> 
     </span>
     <span class='ocr_line' id='line_1_50' title="bbox 53 2531 717 2578; baseline 0 -11"><span class='ocrx_word' id='word_1_331' title='bbox 53 2534 88 2568; x_wconf 73' lang='grc' dir='ltr'>δὲ</span> <span class='ocrx_word' id='word_1_332' title='bbox 111 2538 170 2568; x_wconf 81' lang='grc' dir='ltr'>καὶ</span> <span class='ocrx_word' id='word_1_333' title='bbox 191 2539 258 2578; x_wconf 65' lang='lat'>11⁴2</span> <span class='ocrx_word' id='word_1_334' title='bbox 261 2547 335 2571; x_wconf 67' lang='lat' dir='ltr'>vac</span> <span class='ocrx_word' id='word_1_335' title='bbox 357 2531 521 2567; x_wconf 69' lang='lat' dir='ltr'>mitono).</span> <span class='ocrx_word' id='word_1_336' title='bbox 527 2547 575 2570; x_wconf 79' lang='grc' dir='ltr'>υ,-</span> <span class='ocrx_word' id='word_1_337' title='bbox 599 2533 717 2577; x_wconf 76' lang='grc' dir='ltr'><em>λαβὼν</em></span> 
     </span>
     <span class='ocr_line' id='line_1_51' title="bbox 54 2569 716 2625; baseline 0.002 -13"><span class='ocrx_word' id='word_1_338' title='bbox 54 2581 272 2621; x_wconf 62' lang='grc' dir='ltr'>(Νίέιελλως)</span> <span class='ocrx_word' id='word_1_339' title='bbox 303 2578 404 2612; x_wconf 80' lang='grc' dir='ltr'>παοά</span> <span class='ocrx_word' id='word_1_340' title='bbox 432 2569 502 2623; x_wconf 55' lang='lat' dir='ltr'>&#39;&#39;on</span> <span class='ocrx_word' id='word_1_341' title='bbox 495 2575 616 2625; x_wconf 78' lang='grc' dir='ltr'><em>όρθα,</em></span> <span class='ocrx_word' id='word_1_342' title='bbox 645 2581 716 2613; x_wconf 84' lang='grc' dir='ltr'>τῶν</span> 
     </span>
    </p>
   </div>
   <div class='ocr_carea' id='block_1_6' title="bbox 784 1486 1453 1578">
    <p class='ocr_par' dir='ltr' id='par_1_11' title="bbox 784 1486 1453 1578">
     <span class='ocr_line' id='line_1_52' title="bbox 784 1486 1453 1547; baseline 0.003 -16"><span class='ocrx_word' id='word_1_343' title='bbox 784 1499 950 1536; x_wconf 77' lang='grc' dir='ltr'><em>κοντιζων</em></span> <span class='ocrx_word' id='word_1_344' title='bbox 975 1499 1025 1531; x_wconf 81' lang='grc' dir='ltr'>ἔτι</span> <span class='ocrx_word' id='word_1_345' title='bbox 1043 1486 1244 1544; x_wconf 76' lang='grc' dir='ltr'><em>ἐμπιέουσι</em></span> <span class='ocrx_word' id='word_1_346' title='bbox 1269 1502 1342 1547; x_wconf 85' lang='grc' dir='ltr'>πῦρ</span> <span class='ocrx_word' id='word_1_347' title='bbox 1364 1498 1453 1534; x_wconf 79' lang='grc' dir='ltr'>ὑπε-</span> 
     </span>
     <span class='ocr_line' id='line_1_53' title="bbox 785 1547 891 1578; baseline 0.011 -3"><span class='ocrx_word' id='word_1_348' title='bbox 785 1547 891 1578; x_wconf 75' lang='grc' dir='ltr'><strong><em>τίθει.</em></strong></span> 
     </span>
    </p>
   </div>
   <div class='ocr_carea' id='block_1_7' title="bbox 777 1612 1457 2502">
    <p class='ocr_par' dir='ltr' id='par_1_12' title="bbox 777 1612 1457 2502">
     <span class='ocr_line' id='line_1_54' title="bbox 830 1612 1453 1655; baseline 0.002 -10"><span class='ocrx_word' id='word_1_349' title='bbox 830 1614 859 1645; x_wconf 88' lang='grc'>8.</span> <span class='ocrx_word' id='word_1_350' title='bbox 887 1612 933 1645; x_wconf 86' lang='lat' dir='ltr'>ad</span> <span class='ocrx_word' id='word_1_351' title='bbox 953 1613 1205 1655; x_wconf 71' lang='lat' dir='ltr'>imperandum:</span> <span class='ocrx_word' id='word_1_352' title='bbox 1228 1615 1294 1646; x_wconf 88' lang='lat' dir='ltr'>Das</span> <span class='ocrx_word' id='word_1_353' title='bbox 1319 1613 1453 1647; x_wconf 79' lang='lat' dir='ltr'>Gerun-</span> 
     </span>
     <span class='ocr_line' id='line_1_55' title="bbox 786 1659 1452 1694; baseline 0 -4"><span class='ocrx_word' id='word_1_354' title='bbox 786 1659 884 1694; x_wconf 74' lang='lat' dir='ltr'>dium.</span> <span class='ocrx_word' id='word_1_355' title='bbox 903 1659 1048 1690; x_wconf 82' lang='lat' dir='ltr'>welches</span> <span class='ocrx_word' id='word_1_356' title='bbox 1073 1659 1237 1691; x_wconf 65' lang='lat' dir='ltr'>dun-haus</span> <span class='ocrx_word' id='word_1_357' title='bbox 1261 1660 1373 1692; x_wconf 88' lang='lat' dir='ltr'>active</span> <span class='ocrx_word' id='word_1_358' title='bbox 1393 1661 1452 1691; x_wconf 86' lang='lat' dir='ltr'>Be-</span> 
     </span>
     <span class='ocr_line' id='line_1_56' title="bbox 785 1703 1452 1743; baseline 0.003 -8"><span class='ocrx_word' id='word_1_359' title='bbox 785 1705 931 1743; x_wconf 86' lang='lat' dir='ltr'>deutung</span> <span class='ocrx_word' id='word_1_360' title='bbox 949 1705 1014 1742; x_wconf 83' lang='lat' dir='ltr'>hat,</span> <span class='ocrx_word' id='word_1_361' title='bbox 1040 1704 1141 1735; x_wconf 87' lang='lat' dir='ltr'>findet</span> <span class='ocrx_word' id='word_1_362' title='bbox 1170 1704 1243 1736; x_wconf 86' lang='lat' dir='ltr'>sich</span> <span class='ocrx_word' id='word_1_363' title='bbox 1278 1703 1382 1737; x_wconf 74' lang='lat' dir='ltr'>iifters</span> <span class='ocrx_word' id='word_1_364' title='bbox 1416 1715 1452 1736; x_wconf 87' lang='lat' dir='ltr'>so</span> 
     </span>
     <span class='ocr_line' id='line_1_57' title="bbox 785 1749 1451 1790; baseline 0.002 -10"><span class='ocrx_word' id='word_1_365' title='bbox 785 1749 977 1790; x_wconf 75' lang='lat' dir='ltr'>gebraucht,</span> <span class='ocrx_word' id='word_1_366' title='bbox 995 1749 1072 1780; x_wconf 89' lang='lat' dir='ltr'>dass</span> <span class='ocrx_word' id='word_1_367' title='bbox 1095 1750 1168 1780; x_wconf 84' lang='lat' dir='ltr'>sein</span> <span class='ocrx_word' id='word_1_368' title='bbox 1195 1749 1334 1790; x_wconf 82' lang='lat' dir='ltr'>Subject</span> <span class='ocrx_word' id='word_1_369' title='bbox 1364 1750 1451 1789; x_wconf 87' lang='lat' dir='ltr'>(hier</span> 
     </span>
     <span class='ocr_line' id='line_1_58' title="bbox 785 1795 1451 1836; baseline 0.002 -11"><span class='ocrx_word' id='word_1_370' title='bbox 785 1795 889 1836; x_wconf 71' lang='lat' dir='ltr'>isqui</span> <span class='ocrx_word' id='word_1_371' title='bbox 902 1796 1057 1835; x_wconf 69' lang='lat' dir='ltr'>imperat)</span> <span class='ocrx_word' id='word_1_372' title='bbox 1089 1795 1178 1826; x_wconf 84' lang='lat' dir='ltr'>nicht</span> <span class='ocrx_word' id='word_1_373' title='bbox 1207 1795 1362 1835; x_wconf 85' lang='lat' dir='ltr'>zugleich</span> <span class='ocrx_word' id='word_1_374' title='bbox 1392 1796 1451 1826; x_wconf 89' lang='lat' dir='ltr'>das</span> 
     </span>
     <span class='ocr_line' id='line_1_59' title="bbox 785 1839 1452 1880; baseline 0.003 -10"><span class='ocrx_word' id='word_1_375' title='bbox 785 1844 956 1880; x_wconf 82' lang='lat' dir='ltr'>grammat.</span> <span class='ocrx_word' id='word_1_376' title='bbox 988 1839 1124 1880; x_wconf 82' lang='lat' dir='ltr'>Subject</span> <span class='ocrx_word' id='word_1_377' title='bbox 1160 1839 1216 1871; x_wconf 90' lang='lat' dir='ltr'>des</span> <span class='ocrx_word' id='word_1_378' title='bbox 1245 1839 1364 1872; x_wconf 83' lang='lat' dir='ltr'>Satzes</span> <span class='ocrx_word' id='word_1_379' title='bbox 1394 1841 1452 1879; x_wconf 87' lang='lat' dir='ltr'>ist,</span> 
     </span>
     <span class='ocr_line' id='line_1_60' title="bbox 785 1884 1453 1917; baseline 0.001 -1"><span class='ocrx_word' id='word_1_380' title='bbox 785 1885 929 1916; x_wconf 86' lang='lat' dir='ltr'>sondern</span> <span class='ocrx_word' id='word_1_381' title='bbox 992 1884 1176 1916; x_wconf 71' lang='lat' dir='ltr'>aul&#39;serlich</span> <span class='ocrx_word' id='word_1_382' title='bbox 1236 1885 1453 1917; x_wconf 79' lang='lat' dir='ltr'>unbestimmt</span> 
     </span>
     <span class='ocr_line' id='line_1_61' title="bbox 785 1930 1454 1971; baseline 0.003 -11"><span class='ocrx_word' id='word_1_383' title='bbox 785 1930 890 1961; x_wconf 79' lang='lat' dir='ltr'>bleibt</span> <span class='ocrx_word' id='word_1_384' title='bbox 915 1930 981 1961; x_wconf 86' lang='lat' dir='ltr'>und</span> <span class='ocrx_word' id='word_1_385' title='bbox 1012 1930 1066 1962; x_wconf 88' lang='lat' dir='ltr'>die</span> <span class='ocrx_word' id='word_1_386' title='bbox 1089 1930 1263 1971; x_wconf 84' lang='lat' dir='ltr'>Handluug</span> <span class='ocrx_word' id='word_1_387' title='bbox 1292 1931 1348 1962; x_wconf 85' lang='lat' dir='ltr'>des</span> <span class='ocrx_word' id='word_1_388' title='bbox 1368 1931 1454 1963; x_wconf 88' lang='lat' dir='ltr'>Ver-</span> 
     </span>
     <span class='ocr_line' id='line_1_62' title="bbox 786 1974 1454 2016; baseline 0.001 -10"><span class='ocrx_word' id='word_1_389' title='bbox 786 1975 878 2006; x_wconf 89' lang='lat' dir='ltr'>bums</span> <span class='ocrx_word' id='word_1_390' title='bbox 896 1974 1030 2006; x_wconf 86' lang='lat' dir='ltr'>absolut</span> <span class='ocrx_word' id='word_1_391' title='bbox 1053 1976 1321 2007; x_wconf 85' lang='lat' dir='ltr'>substautivisch</span> <span class='ocrx_word' id='word_1_392' title='bbox 1337 1976 1454 2016; x_wconf 77' lang='lat' dir='ltr'>hinge-</span> 
     </span>
     <span class='ocr_line' id='line_1_63' title="bbox 785 2020 1452 2059; baseline 0.001 -8"><span class='ocrx_word' id='word_1_393' title='bbox 785 2020 881 2051; x_wconf 78' lang='lat' dir='ltr'>stellt</span> <span class='ocrx_word' id='word_1_394' title='bbox 910 2020 1004 2051; x_wconf 87' lang='lat' dir='ltr'>wird.</span> <span class='ocrx_word' id='word_1_395' title='bbox 1060 2020 1139 2052; x_wconf 83' lang='lat' dir='ltr'>Hier</span> <span class='ocrx_word' id='word_1_396' title='bbox 1167 2031 1264 2059; x_wconf 75' lang='lat' dir='ltr'>„zum</span> <span class='ocrx_word' id='word_1_397' title='bbox 1297 2020 1452 2052; x_wconf 82' lang='lat' dir='ltr'>Befehlen</span> 
     </span>
     <span class='ocr_line' id='line_1_64' title="bbox 786 2065 1450 2105; baseline 0.002 -9"><span class='ocrx_word' id='word_1_398' title='bbox 786 2065 817 2096; x_wconf 91' lang='lat' dir='ltr'>d.</span> <span class='ocrx_word' id='word_1_399' title='bbox 835 2065 856 2096; x_wconf 91' lang='lat' dir='ltr'>i.</span> <span class='ocrx_word' id='word_1_400' title='bbox 876 2066 979 2096; x_wconf 88' lang='lat' dir='ltr'>damit</span> <span class='ocrx_word' id='word_1_401' title='bbox 997 2076 1070 2096; x_wconf 85' lang='lat' dir='ltr'>man</span> <span class='ocrx_word' id='word_1_402' title='bbox 1104 2066 1170 2096; x_wconf 88' lang='lat' dir='ltr'>ihm</span> <span class='ocrx_word' id='word_1_403' title='bbox 1204 2065 1257 2097; x_wconf 89' lang='lat' dir='ltr'>die</span> <span class='ocrx_word' id='word_1_404' title='bbox 1291 2067 1450 2105; x_wconf 80' lang='lat' dir='ltr'>ub&#39;thigen</span> 
     </span>
     <span class='ocr_line' id='line_1_65' title="bbox 777 2109 1452 2150; baseline 0.001 -9"><span class='ocrx_word' id='word_1_405' title='bbox 777 2109 919 2141; x_wconf 80' lang='lat' dir='ltr'>-Befehle</span> <span class='ocrx_word' id='word_1_406' title='bbox 937 2111 1054 2150; x_wconf 65' lang='lat' dir='ltr'>gabe‘.</span> <span class='ocrx_word' id='word_1_407' title='bbox 1104 2111 1147 2142; x_wconf 90' lang='lat' dir='ltr'>So</span> <span class='ocrx_word' id='word_1_408' title='bbox 1172 2110 1304 2142; x_wconf 69' lang='lat' dir='ltr'>ver-halt</span> <span class='ocrx_word' id='word_1_409' title='bbox 1323 2121 1358 2142; x_wconf 84' lang='lat' dir='ltr'>es</span> <span class='ocrx_word' id='word_1_410' title='bbox 1377 2112 1452 2142; x_wconf 89' lang='lat' dir='ltr'>sich</span> 
     </span>
     <span class='ocr_line' id='line_1_66' title="bbox 786 2154 1454 2196; baseline 0.001 -10"><span class='ocrx_word' id='word_1_411' title='bbox 786 2156 870 2186; x_wconf 82' lang='lat' dir='ltr'>auch</span> <span class='ocrx_word' id='word_1_412' title='bbox 898 2155 932 2186; x_wconf 90' lang='lat' dir='ltr'>iu</span> <span class='ocrx_word' id='word_1_413' title='bbox 962 2156 1023 2186; x_wconf 87' lang='lat' dir='ltr'>deu</span> <span class='ocrx_word' id='word_1_414' title='bbox 1054 2154 1272 2196; x_wconf 47' lang='lat' dir='ltr'>&amp;Vendungen</span> <span class='ocrx_word' id='word_1_415' title='bbox 1306 2157 1367 2187; x_wconf 88' lang='lat' dir='ltr'>wie</span> <span class='ocrx_word' id='word_1_416' title='bbox 1397 2167 1454 2187; x_wconf 82' lang='lat' dir='ltr'>res</span> 
     </span>
     <span class='ocr_line' id='line_1_67' title="bbox 778 2200 1455 2243; baseline 0.003 -13"><span class='ocrx_word' id='word_1_417' title='bbox 778 2200 903 2243; x_wconf 72' lang='lat' dir='ltr'>facilis</span> <span class='ocrx_word' id='word_1_418' title='bbox 920 2200 965 2231; x_wconf 83' lang='lat' dir='ltr'>ad</span> <span class='ocrx_word' id='word_1_419' title='bbox 992 2200 1256 2239; x_wconf 63' lang='lat' dir='ltr'>intellegendmn.</span> <span class='ocrx_word' id='word_1_420' title='bbox 1308 2201 1366 2232; x_wconf 86' lang='lat' dir='ltr'>Die</span> <span class='ocrx_word' id='word_1_421' title='bbox 1396 2201 1455 2232; x_wconf 83' lang='lat' dir='ltr'>da-</span> 
     </span>
     <span class='ocr_line' id='line_1_68' title="bbox 787 2245 1454 2287; baseline 0.001 -11"><span class='ocrx_word' id='word_1_422' title='bbox 787 2246 892 2276; x_wconf 87' lang='lat' dir='ltr'>durch</span> <span class='ocrx_word' id='word_1_423' title='bbox 909 2245 956 2277; x_wconf 83' lang='lat' dir='ltr'>oft</span> <span class='ocrx_word' id='word_1_424' title='bbox 984 2246 1202 2277; x_wconf 81' lang='lat' dir='ltr'>entstehende</span> <span class='ocrx_word' id='word_1_425' title='bbox 1220 2245 1454 2287; x_wconf 85' lang='lat' dir='ltr'>Zweideutig-</span> 
     </span>
     <span class='ocr_line' id='line_1_69' title="bbox 786 2290 1455 2323; baseline 0.003 -2"><span class='ocrx_word' id='word_1_426' title='bbox 786 2290 856 2321; x_wconf 86' lang='lat' dir='ltr'>keit</span> <span class='ocrx_word' id='word_1_427' title='bbox 901 2291 1039 2322; x_wconf 87' lang='lat' dir='ltr'>benutzt</span> <span class='ocrx_word' id='word_1_428' title='bbox 1085 2290 1203 2322; x_wconf 88' lang='lat' dir='ltr'>Cicero</span> <span class='ocrx_word' id='word_1_429' title='bbox 1254 2302 1294 2322; x_wconf 89' lang='lat' dir='ltr'>zu</span> <span class='ocrx_word' id='word_1_430' title='bbox 1346 2291 1455 2323; x_wconf 84' lang='lat' dir='ltr'>einem</span> 
     </span>
     <span class='ocr_line' id='line_1_70' title="bbox 789 2335 1455 2374; baseline 0.002 -8"><span class='ocrx_word' id='word_1_431' title='bbox 789 2335 933 2374; x_wconf 84' lang='lat' dir='ltr'>Scherz,</span> <span class='ocrx_word' id='word_1_432' title='bbox 952 2336 990 2366; x_wconf 85' lang='lat' dir='ltr'>ad</span> <span class='ocrx_word' id='word_1_433' title='bbox 1013 2336 1100 2366; x_wconf 85' lang='lat' dir='ltr'>Fam.</span> <span class='ocrx_word' id='word_1_434' title='bbox 1119 2338 1150 2372; x_wconf 83' lang='grc'>9,</span> <span class='ocrx_word' id='word_1_435' title='bbox 1182 2337 1222 2367; x_wconf 83' lang='grc'>25</span> <span class='ocrx_word' id='word_1_436' title='bbox 1254 2346 1341 2367; x_wconf 76' lang='lat' dir='ltr'>mmo</span> <span class='ocrx_word' id='word_1_437' title='bbox 1374 2336 1455 2368; x_wconf 77' lang='lat' dir='ltr'>ades</span> 
     </span>
     <span class='ocr_line' id='line_1_71' title="bbox 787 2380 1454 2422; baseline 0.003 -11"><span class='ocrx_word' id='word_1_438' title='bbox 787 2380 834 2411; x_wconf 86' lang='lat' dir='ltr'>ad</span> <span class='ocrx_word' id='word_1_439' title='bbox 853 2380 1086 2422; x_wconf 71' lang='lat' dir='ltr'>imperandum,</span> <span class='ocrx_word' id='word_1_440' title='bbox 1118 2380 1167 2412; x_wconf 78' lang='lat' dir='ltr'>vel</span> <span class='ocrx_word' id='word_1_441' title='bbox 1197 2381 1244 2412; x_wconf 80' lang='lat' dir='ltr'>ad</span> <span class='ocrx_word' id='word_1_442' title='bbox 1267 2381 1454 2422; x_wconf 77' lang='lat' dir='ltr'>parendum</span> 
     </span>
     <span class='ocr_line' id='line_1_72' title="bbox 783 2426 1457 2468; baseline 0.003 -12"><span class='ocrx_word' id='word_1_443' title='bbox 783 2427 910 2468; x_wconf 72' lang='lat' dir='ltr'>potius:</span> <span class='ocrx_word' id='word_1_444' title='bbox 939 2427 987 2457; x_wconf 77' lang='lat' dir='ltr'>sic</span> <span class='ocrx_word' id='word_1_445' title='bbox 1014 2427 1105 2457; x_wconf 80' lang='lat' dir='ltr'>enim</span> <span class='ocrx_word' id='word_1_446' title='bbox 1126 2426 1257 2468; x_wconf 76' lang='lat' dir='ltr'>antiqui</span> <span class='ocrx_word' id='word_1_447' title='bbox 1279 2426 1457 2468; x_wconf 77' lang='lat' dir='ltr'>loqueban-</span> 
     </span>
     <span class='ocr_line' id='line_1_73' title="bbox 788 2474 856 2502; baseline 0.015 -1"><span class='ocrx_word' id='word_1_448' title='bbox 788 2474 856 2502; x_wconf 77' lang='lat' dir='ltr'>tur.</span> 
     </span>
    </p>
   </div>
   <div class='ocr_carea' id='block_1_8' title="bbox 790 2534 1457 2622">
    <p class='ocr_par' dir='ltr' id='par_1_13' title="bbox 790 2534 1457 2622">
     <span class='ocr_line' id='line_1_74' title="bbox 841 2534 1457 2570; baseline 0 -2"><span class='ocrx_word' id='word_1_449' title='bbox 841 2534 1023 2568; x_wconf 72' lang='lat' dir='ltr'>Tisidium:</span> <span class='ocrx_word' id='word_1_450' title='bbox 1055 2536 1247 2568; x_wconf 87' lang='lat' dir='ltr'>unbekannt</span> <span class='ocrx_word' id='word_1_451' title='bbox 1272 2537 1334 2568; x_wconf 90' lang='lat' dir='ltr'>und</span> <span class='ocrx_word' id='word_1_452' title='bbox 1363 2542 1457 2570; x_wconf 87' lang='lat' dir='ltr'>sonst</span> 
     </span>
     <span class='ocr_line' id='line_1_75' title="bbox 790 2580 1130 2622; baseline 0.003 -11"><span class='ocrx_word' id='word_1_453' title='bbox 790 2580 949 2622; x_wconf 81' lang='lat' dir='ltr'>nirgeuds</span> <span class='ocrx_word' id='word_1_454' title='bbox 968 2581 1130 2613; x_wconf 66' lang='lat' dir='ltr'>erw&#39;zihut.</span> 
     </span>
    </p>
   </div>
   <div class='ocr_carea' id='block_1_9' title="bbox 1186 2638 1248 2671">
    <p class='ocr_par' dir='ltr' id='par_1_14' title="bbox 1186 2638 1248 2671">
     <span class='ocr_line' id='line_1_76' title="bbox 1186 2638 1248 2671; baseline 0.016 -1"><span class='ocrx_word' id='word_1_455' title='bbox 1186 2638 1248 2671; x_wconf 81' lang='lat' dir='ltr'>ll*</span> 
     </span>
    </p>
   </div>
  </div>
 </body>
</html>
