1720 2875
455 102 511 135 DE
536 102 679 135 BELLO
705 101 906 135 IUGURTH.
953 100 987 133 C.
1014 101 1158 134 33—35.
1429 102 1506 142 135

104 205 312 256 Iugurthae
340 205 527 244 advorsus
556 204 695 249 fuerat,
721 203 848 242 dedita
871 203 972 242 Cirta
995 208 1032 242 et
1053 202 1269 242 Adherbale
1296 203 1502 242 interfecto

102 261 290 313 profugus
311 273 356 299 ex
376 262 499 312 patria
520 260 677 299 abierat.
707 259 806 298 Huic
823 259 888 310 Sp.
907 260 1082 304 Albinus,
1105 260 1171 311 qui
1191 271 1381 310 proxumo
1399 271 1503 298 anno
1530 268 1549 300 2

102 324 194 369 post
215 317 385 356 Bestiam
409 329 497 356 cum
518 318 561 363 Q.
577 316 743 354 Minucio
765 316 865 354 Rufo
888 316 1131 354 consulatum
1152 315 1322 366 gerebat,
1343 327 1505 367 persua-

103 375 180 420 det,
203 374 387 424 quoniam
409 386 454 411 ex
474 373 593 423 stirpe
612 371 838 410 Masinissae
860 372 922 416 sit,
953 372 1259 423 Iugurthamque
1281 371 1329 410 ob
1359 372 1506 410 scelera

100 430 243 469 invidia
265 442 353 469 cum
374 434 483 467 metu
512 433 690 477 urgueat,
719 440 885 478 regnum
913 428 1117 467 Numidiae
1145 428 1192 467 ab
1224 434 1361 467 senatu
1390 433 1507 479 petat.

102 486 248 525 Avidus
271 485 404 524 consul
417 484 506 523 belli
525 484 691 534 gerundi
708 484 854 523 moveri
870 497 988 535 quam
1011 495 1216 523 senescere
1234 484 1363 523 omnia
1380 485 1502 523 male·
1531 494 1550 525 3

102 543 185 587 bat:
205 542 279 592 ipsi
298 540 497 592 provincia
522 540 723 586 Numidia,
747 540 918 579 Minucio
934 540 1159 579 Macedonia
1182 546 1375 579 evenerat.
1397 542 1504 587 Quae
1527 550 1550 580 4

101 603 306 649 postquam
322 596 484 635 Massiva
505 596 649 646 agitare
670 597 809 647 coepit,
827 609 955 648 neque
976 597 1183 648 Iugurthae
1200 597 1240 634 in
1257 597 1390 635 amicis
1408 597 1502 635 satis

100 653 266 704 praesidi
287 658 356 699 est,
378 653 482 704 quod
505 665 641 691 eorum
663 653 780 692 alium
808 653 1044 692 conscientia
1072 653 1190 692 alium
1220 653 1321 691 mala
1341 656 1444 691 fama
1466 658 1504 691 et

100 710 218 748 timor
239 709 485 760 impediebat,
507 709 724 753 Bomilcari,
746 721 938 760 proxumo
960 722 1003 748 ac
1024 722 1204 748 maxume
1221 710 1297 748 fido
1319 709 1405 754 sibi,
1426 709 1502 747 im-

100 771 224 816 perat,
246 766 383 816 pretio,
401 765 514 804 sicuti
532 766 652 804 multa
669 768 899 811 confecerat,
916 766 1163 804 insidiatores
1181 766 1365 804 Massivae
1381 771 1502 816 paret,

100 834 145 860 ac
164 834 347 860 maxume
369 822 528 866 occulte,
551 822 611 860 sin
632 822 671 860 id
692 834 830 873 parum
851 823 1048 872 p1·,ocedat
1067 822 1204 873 quovis
1226 823 1343 861 modo
1365 822 1502 860 Numi-

100 878 190 916 dam
209 877 428 916 interficiat.
487 877 678 927 Bomilcar
697 885 850 916 mature
877 878 977 927 regis
1008 879 1190 916 mandata
1223 878 1446 941 exsequitur
1468 884 1507 916 et

99 946 169 984 per
190 934 368 972 homines
389 934 474 972 talis
505 931 636 985 negoti
662 935 827 973 artifices
853 934 995 974 itinera
1027 946 1284 985 egressusque
1313 935 1410 981 eius,
1432 947 1507 985 po-

99 997 247 1029 stremo
268 992 350 1029 loca
372 996 488 1042 atque
509 997 684 1041 tempora
713 997 852 1029 cuncta
874 990 1067 1042 explorat,
1089 991 1241 1033 deinde
1263 990 1331 1029 ubi
1351 1003 1414 1029 res
1435 1003 1508 1041 po-

99 1046 279 1091 stulabat,
302 1047 462 1085 insidias
482 1048 620 1086 tendit.
661 1047 779 1097 Igitur
800 1059 904 1085 unus
926 1060 973 1085 ex
995 1060 1040 1086 eo
1062 1059 1238 1093 numero,
1262 1048 1329 1098 qui
1349 1047 1396 1086 ad
1419 1059 1505 1085 cae-

57 1126 61 1130 ·
100 1103 187 1142 dem
209 1104 334 1153 parati
355 1109 476 1147 erant,
493 1104 607 1154 paulo
628 1103 886 1142 inconsultius
907 1103 1109 1142 Massivam
1131 1104 1374 1154 aggreditur;
1396 1103 1506 1141 illum

100 1159 318 1204 obtruncat,
335 1160 404 1197 sed
424 1160 508 1210 ipse
529 1160 812 1210 deprehensus,
830 1160 963 1198 multis
986 1160 1231 1198 hortantibus
1250 1166 1289 1198 et
1309 1161 1349 1198 in
1371 1159 1507 1211 primis

99 1215 238 1254 Albino
267 1216 442 1262 consule,
471 1215 659 1254 indicium
686 1216 902 1267 profitetur.
944 1216 1006 1254 Fit
1041 1228 1130 1255 reus
1160 1216 1280 1265 magis
1303 1229 1348 1255 ex
1383 1228 1507 1267 aequo

98 1271 282 1323 bonoque
300 1284 415 1322 quam
433 1285 478 1310 ex
494 1272 578 1310 iure
595 1272 769 1322 gentium
787 1272 990 1318 Bomilcar,
1008 1269 1138 1311 comes
1157 1273 1250 1319 eius,
1262 1272 1328 1323 qui
1340 1272 1505 1311 Romam

144 1373 174 1405 2.
207 1373 373 1406 Albinus:
403 1374 526 1406 Vollst.
557 1373 613 1416 Sp.
643 1375 764 1406 Postu-

97 1420 188 1450 mins
205 1419 280 1450 Alb.
292 1437 332 1441 ——
346 1418 414 1450 Der
430 1419 552 1450 andere
561 1419 657 1451 Cous.
676 1419 764 1451 hiess

99 1464 184 1495 nach
217 1464 306 1495 allen
345 1465 490 1496 anderen
523 1464 674 1496 Antoren
705 1464 765 1496 mit

101 1509 291 1541 Vornamen
309 1507 459 1549 Marcus,
481 1509 575 1541 nicht
594 1508 749 1548 Quintus.

145 1552 270 1585 invidia
297 1564 375 1585 omn
396 1557 503 1585 metu:
532 1555 561 1586 V
565 1556 664 1586 orher
694 1565 767 1586 war

99 1598 155 1629 die
171 1598 412 1639 Bereehtigung
431 1604 540 1640 (quon.
558 1610 604 1630 ew
621 1602 660 1631 st.
679 1598 764 1631 Mas.

97 1644 154 1684 sit)
179 1643 229 1675 als
258 1643 487 1684 Beweggrund
516 1649 678 1684 genanut;
709 1645 763 1676 eiu

97 1688 238 1720 zweiter
267 1688 353 1720 wird
382 1699 446 1719 nun
477 1699 536 1721 aus
565 1690 625 1721 der
654 1688 764 1721 Gunst

96 1734 156 1765 der
181 1732 359 1766 Umstiiude
388 1739 611 1774 entnommen3
640 1735 764 1774 Jugur-

97 1779 168 1818 tha,
183 1777 288 1810 heisst
305 1788 352 1819 eS,
370 1778 500 1811 hefinde
518 1780 589 1811 sich
611 1779 701 1820 jetzt
730 1779 762 1810 in

95 1823 312 1864 Bedr'angnis,
338 1823 418 1854 weil
436 1834 474 1856 er
502 1824 535 1856 in
563 1823 668 1864 Folge
697 1824 763 1856 sei-

95 1878 156 1899 ner
172 1868 351 1900 ruchlosen
375 1868 595 1910 Handlungen
619 1880 684 1901 von
701 1869 763 1901 den

95 1912 238 1945 Romern
256 1914 393 1953 gehasst
420 1915 486 1945 und
502 1915 563 1947 mit
579 1914 760 1955 Besorguis

97 1959 282 1999 angesehen
312 1959 435 1990 werde.
472 1960 541 1991 Den
577 1958 693 1991 Grund
720 1971 763 1991 zu

97 2004 262 2035 letzterer
279 2003 403 2035 konnte
421 2014 513 2036 zwar
529 2005 620 2037 nicht
635 2005 688 2037 die
705 2015 761 2045 ge-

96 2049 305 2089 genw‘airtige
335 2048 423 2090 Lage
450 2049 632 2090 Jugurthas
665 2049 763 2089 abge-

98 2094 170 2134 beu,
188 2094 276 2125 wohl
306 2094 386 2125 aber
414 2100 547 2134 erregte
577 2095 649 2126 sein
679 2093 763 2126 Cha-

98 2138 213 2171 rakter
230 2138 293 2171 mit
309 2137 414 2171 Recht
430 2139 610 2180 Besorgnis
640 2138 694 2171 fiir
711 2139 763 2171 die

99 2182 248 2215 Zukunst
280 2183 364 2224 (dies
404 2184 451 2216 ist
481 2184 533 2216 die
563 2184 763 2224 cigentliehe

99 2228 292 2268 Bedeutung
327 2239 390 2261 von
420 2230 561 2269 metus),
593 2230 659 2261 und
691 2229 763 2262 dies

100 2278 228 2305 musste
257 2275 311 2306 die
330 2274 545 2315 Geneigtheit
573 2275 630 2306 des
648 2274 769 2306 Senats

101 2318 174 2349 sich
204 2318 316 2351 seiner
344 2330 384 2350 zu
406 2320 597 2360 entledigen
615 2320 769 2352 verst'ar-

100 2363 175 2395 ken.

149 2408 181 2440 3.
223 2410 365 2440 moveri.-
411 2409 527 2442 besser
578 2409 772 2451 heglaubigt

102 2452 233 2484 scheint
248 2452 432 2495 allerdings
455 2454 508 2487 die
524 2454 601 2487 Les.
622 2465 765 2496 movere,

102 2508 199 2530 wozu
231 2498 315 2529 daun
346 2501 469 2538 omnia,
501 2500 561 2531 der
593 2500 765 2541 Subjects-

102 2553 211 2575 assus.
230 2554 271 2574 zu
287 2553 464 2586 senescere,
490 2545 540 2577 als
559 2544 767 2584 Objectsacc.

837 1375 985 1416 supplirt
994 1375 1127 1406 werden
1136 1375 1262 1406 miisste
1273 1385 1280 1413 3
1295 1375 1375 1406 aber
1386 1374 1507 1407 d.Ver-

838 1420 925 1451 bind.
949 1419 1064 1451 beider
1086 1420 1346 1452 verschiedenen
1371 1419 1504 1451 constr.

837 1464 890 1496 bei
908 1464 1008 1497 malle
1025 1465 1116 1496 ware
1134 1465 1169 1496 in
1193 1465 1303 1497 dieser
1321 1465 1421 1496 Form
1438 1465 1505 1496 und

840 1508 1033 1550 Wortfolge
1072 1510 1256 1550 unstreitig
1298 1511 1375 1542 sehr
1416 1512 1505 1542 hart.

884 1556 915 1586 4.
939 1565 1110 1597 pro-ramo
1122 1567 1132 1586 .·
1149 1555 1213 1586 wie
1231 1556 1304 1587 Cat.
1327 1556 1376 1596 14,
1395 1555 1427 1587 3.

884 1598 1071 1631 Massivae:
1109 1599 1217 1632 Ueber
1244 1601 1306 1632 den
1332 1600 1436 1632 Dativ
1463 1611 1507 1632 zu

841 1644 903 1676 Cat
920 1645 974 1686 32,
995 1646 1024 1676 1.

881 1700 1043 1721 maxume
1060 1689 1187 1733 occulte
1198 1702 1209 1720 :
1227 1690 1317 1722 steht
1334 1690 1404 1721 dem
1422 1689 1505 1731 folg.

834 1737 889 1766 sin
908 1760 913 1766 .
934 1759 941 1766 .
957 1734 1121 1776 procedat,
1133 1736 1246 1776 quovis
1264 1735 1360 1766 modo
1379 1746 1506 1776 gegen-

835 1779 940 1820 iiber3
959 1779 1042 1811 eben
1061 1791 1096 1811 so
1115 1781 1167 1820 46,
1187 1783 1219 1810 4.

883 1826 912 1856 5.
939 1827 1010 1856 itin.
1036 1835 1273 1866 egressasque:
1303 1824 1382 1857 Tac.
1419 1826 1505 1858 Ann.

838 1871 889 1908 15,
930 1870 971 1902 36
1007 1869 1094 1912 quod
1119 1873 1244 1902 tantu
1256 1881 1290 1902 m
1330 1871 1507 1903 itineris

836 1914 997 1947 aditurus
1012 1918 1109 1955 esset,
1137 1917 1232 1947 cuius
1261 1927 1301 1947 ne
1322 1915 1506 1947 modicos

834 1959 968 2001 quidem
984 1971 1001 1992 e
1008 1970 1191 2002 gressus
1219 1961 1396 1993 tolerarent
1418 1963 1508 1993 sueti

833 2004 1015 2037 adversum
1026 2005 1174 2047 fortuita
1180 2005 1333 2047 adspectu
1344 2007 1507 2048 principis

833 2051 994 2092 refoveri.

880 2096 952 2127 ubi.-
967 2095 1043 2127 hier
1060 2096 1094 2126 in
1112 2096 1278 2128 iirtlicher
1294 2096 1505 2137 Bedeutung;

835 2140 957 2172 anders
975 2141 1026 2172 als
1048 2141 1098 2181 12,
1117 2141 1147 2172 3.

881 2185 913 2216 6.
952 2195 997 2217 eae
1025 2195 1062 2216 eo
1091 2196 1228 2218 numero
1239 2198 1249 2216 :
1278 2201 1291 2211 =
1317 2197 1362 2217 eoe
1389 2196 1507 2219 eorum

834 2240 997 2270 numero,·
1028 2231 1098 2262 Cat.
1128 2232 1184 2271 42,
1214 2232 1253 2270 33
1283 2230 1350 2272 lug.
1383 2232 1436 2270 18,
1464 2233 1504 2270 4;

842 2274 925 2306 eben
943 2286 978 2307 so
995 2285 1040 2306 ea·
1056 2285 1117 2307 suo
1133 2286 1274 2307 numero
1307 2275 1377 2308 Cat.
1397 2276 1450 2317 32,
1470 2276 1501 2308 3.

843 2320 922 2352 wie
939 2320 1025 2359 hier,
1041 2320 1102 2351 mit
1130 2319 1210 2361 folg.
1229 2321 1337 2353 Relat.
1364 2322 1409 2354 im
1426 2322 1505 2354 Plu·-

840 2364 902 2406 ral,
921 2370 1023 2397 unten
1041 2365 1096 2404 38,
1114 2366 1145 2398 6.

884 2409 1045 2441 indicium
1083 2410 1286 2452 profitetur:
1326 2412 1355 2443 d.
1393 2412 1425 2444 h.
1468 2422 1505 2444 er

839 2456 969 2487 machte
986 2454 1165 2496 freiwillig
1182 2456 1235 2488 die
1253 2457 1315 2488 den
1332 2456 1429 2489 Mord
1446 2456 1503 2488 be-

839 2499 1024 2532 treffenden
1041 2500 1212 2540 Angahen.

886 2546 915 2576 7.
941 2555 985 2576 αι’
1001 2547 1075 2577 iure
1085 2548 1258 2587 gentium:
1285 2545 1320 2578 In
1348 2547 1413 2578 wie
1431 2545 1502 2578 feru

1531 1060 1551 1091 6
