1720 2875
390 722 457 761 EX
488 722 527 762 C.
560 722 801 763 SALLUSTI
832 723 991 763 CRISPI
1023 723 1369 765 HISTORIARUM

696 836 848 870 LIBRO
880 836 1073 871 TERTIO

172 941 440 992 ORATIO
461 941 513 992 C.
532 941 724 992 LICIN
726 944 752 991 Ι
769 942 995 992 MACRI
1019 943 1315 993 TRIBUNI
1333 944 1580 994 PLEBIS

728 1074 790 1112 AD
823 1073 1030 1113 PLEBEM.

552 1199 652 1239 (nist.
672 1198 786 1239 fragm.
805 1200 836 1239 3,
856 1200 897 1231 82
918 1199 975 1232 ΗΓ.
996 1201 1027 1241 3,
1047 1200 1083 1233 31
1107 1200 1137 1232 k.
1156 1200 1208 1239 A.)

215 1471 217 1473 .
280 1425 337 1478 Si,
360 1436 542 1483 Quirites,
564 1447 705 1487 parum
736 1435 1033 1481 existumaretis,
1063 1436 1155 1488 quid
1177 1436 1281 1476 inter
1303 1437 1361 1475 ius
1383 1451 1403 1476 a
1426 1437 1587 1476 maiori-

171 1502 246 1541 bus
271 1502 451 1541 relictum
480 1501 588 1540 vobis
609 1506 648 1540 et
668 1502 742 1540 hor.
763 1515 782 1540 a
806 1502 910 1541 Sulla
933 1508 1114 1553 paratum
1135 1502 1335 1541 servitium
1361 1502 1581 1552 interesset,

167 1558 299 1598 multis
323 1559 417 1598 mihi
440 1558 716 1597 disserundum
738 1559 822 1604 fuit,
845 1558 1104 1610 docendique,
1136 1571 1233 1610 quas
1265 1559 1314 1598 ob
1346 1559 1509 1598 iniurias
1541 1565 1580 1599 et

168 1616 355 1667 quotiens
376 1628 396 1654 a
414 1615 589 1667 patribus
607 1621 754 1654 armata
772 1614 904 1666 plebes
926 1616 1149 1654 secessisset
1166 1616 1300 1667 utique
1324 1615 1496 1655 vindices
1513 1629 1583 1667 pa-

123 1681 143 1712 2
168 1673 330 1712 ravisset
352 1672 481 1711 omnis
504 1672 599 1710 iuris
620 1673 680 1710 sui
702 1673 882 1711 tribunos
905 1672 1041 1723 plebis.
1074 1672 1188 1711 Nune
1210 1673 1359 1711 hortari
1383 1672 1498 1712 modo
1520 1685 1585 1712 re-

168 1729 320 1780 liquum
342 1735 400 1768 est
422 1735 461 1768 et
490 1729 546 1768 ire
563 1729 736 1780 primum
761 1729 830 1774 via,
849 1741 924 1780 qua
942 1730 1222 1780 capessundam
1240 1729 1410 1768 arbitror
1429 1730 1585 1768 liberta-

125 1794 144 1825 3
170 1792 262 1824 tem.
309 1786 443 1837 Neque
464 1798 527 1824 me
548 1786 745 1836 praeterit,
769 1791 932 1836 quantas
957 1798 1048 1836 opes
1080 1785 1289 1824 nobilitatis
1319 1786 1438 1829 solus,
1470 1785 1585 1837 inpo-

169 1848 268 1887 tens,
300 1843 405 1881 inani
435 1842 563 1893 specie
600 1842 867 1891 magistratus,
907 1842 1050 1893 pellere
1082 1842 1351 1881 dominatione
1383 1842 1585 1893 incipiam,

123 1909 146 1940 4
171 1905 398 1950 quantoque
414 1899 535 1937 tutius
552 1899 665 1937 factio
684 1899 891 1937 noxiorum
909 1904 997 1948 agat
1013 1911 1128 1950 quam
1147 1899 1218 1937 soli
1242 1899 1494 1938 innoeentes:
1517 1899 1586 1938 sed

171 1961 326 2007 praeter
346 1968 457 2006 spem
481 1955 623 1994 bonam
646 1969 692 1994 ex
715 1955 836 2001 vobis,
859 1968 957 2006 quae
974 1961 1124 1993 metum
1142 1955 1240 1997 vicit,
1264 1955 1381 1994 statui
1403 1955 1586 1994 certami-

172 2012 234 2052 nis
252 2012 412 2051 advorsa
428 2024 498 2063 pro
516 2012 695 2051 libertate
709 2012 859 2063 potiora
878 2025 960 2051 esse
977 2012 1069 2050 forti
1092 2011 1172 2051 viro
1191 2024 1308 2063 quam
1329 2012 1491 2051 omnino
1506 2024 1585 2051 non

221 2104 248 2135 1.
273 2102 391 2135 dits-ser.
423 2103 514 2144 fuit:
545 2102 611 2134 Das
641 2101 842 2143 Perfectum,
961 2105 990 2136 3.
1025 2104 1269 2143 magistratus.-
1302 2102 1507 2135 Nominativ.
1542 2121 1585 2125 -

172 2149 255 2180 weil
282 2149 342 2180 der
360 2148 440 2180 Sinn
470 2149 513 2179 ist
541 2148 616 2187 „ich
642 2148 735 2180 h'zitte
764 2158 842 2179 vor·
916 2149 1045 2191 &Vegen
1064 2150 1159 2179 inani
1174 2149 1283 2191 speeie
1301 2148 1368 2187 vgl.
1389 2148 1442 2179 die
1457 2158 1497 2179 zu
1511 2147 1582 2180 Cat.

172 2194 248 2233 her,
279 2195 340 2225 ehe
367 2194 420 2225 ich
447 2204 507 2225 zur
536 2193 748 2234 Ermahnung
778 2193 841 2224 und
915 2196 970 2236 37,
992 2195 1025 2227 11
1047 2193 1155 2233 anges.
1174 2193 1280 2225 Stelle
1299 2194 1357 2225 des
1375 2193 1462 2225 Vell.

170 2249 230 2271 zur
262 2238 349 2270 That
380 2242 418 2274 (s.
448 2238 469 2280 ξ
500 2239 531 2278 2)
567 2239 660 2273 hzitte
690 2239 840 2270 konunen
960 2241 1087 2282 factio:
1112 2240 1154 2271 im
1178 2238 1382 2278 Gegensatze
1406 2238 1488 2278 soli‚·
1516 2238 1584 2279 vgl.

170 2284 317 2323 konnen,
365 2290 436 2316 erst
481 2285 552 2316 dies
601 2285 686 2319 alles
736 2294 838 2324 Sagen
917 2297 958 2317 zu
976 2285 1043 2325 lug.
1063 2285 1117 2325 41,
1136 2287 1173 2324 63
1192 2285 1245 2323 35,
1269 2286 1317 2316 1⁴).

170 2331 337 2361 iniissen“.
962 2332 992 2362 4.
1016 2333 1153 2373 praeter
1184 2340 1273 2372 spem
1307 2334 1370 2360 etc.
1399 2344 1413 2354 =
1437 2331 1586 2372 praeter-

219 2374 439 2417 docendique.-
458 2374 565 2417 suppl.
581 2376 712 2418 fuistis.
915 2386 1013 2418 quam
1037 2375 1125 2417 quod
1145 2386 1220 2418 spes
1244 2375 1326 2406 bona
1347 2385 1391 2406 esc
1417 2374 1503 2406 vobis
1518 2384 1587 2405 me—

220 2422 251 2451 2.
277 2431 383 2452 nunc:
402 2421 468 2461 vgl.
488 2432 528 2452 zu
547 2422 617 2461 Iug.
640 2422 691 2461 14,
712 2422 766 2453 24.
916 2425 987 2453 tum
1018 2423 1111 2460 vica·t,·
1142 2421 1208 2460 vgl.
1235 2420 1306 2451 Cat.
1332 2420 1384 2460 47,
1410 2419 1428 2450 2
1455 2421 1586 2462 praeter

217 2466 382 2507 primum:
408 2466 500 2498 nicht
523 2466 739 2507 Adverbium,
766 2477 844 2498 son·
917 2467 1058 2498 litteras.

174 2511 256 2541 dern
287 2511 348 2542 mit
377 2512 484 2543 einem
509 2512 552 2543 im
577 2512 756 2544 Gedanken
781 2512 843 2544 lie·
960 2513 1156 2543 eei-caminis
1173 2510 1318 2542 advorsa
1335 2514 1398 2542 etc.
1429 2507 1586 2541 ZumGe-

174 2556 302 2596 geuden
319 2567 371 2587 me
387 2567 427 2587 zu
447 2557 640 2589 verbinden.
917 2557 1045 2589 dauken
1064 2557 1129 2597 vgl.
1149 2556 1206 2588 Or.
1226 2555 1303 2598 Lep.
1322 2556 1374 2587 26.
