1720 2875
161 157 243 196 274
490 154 761 196 Abweichungen
778 165 844 188 von
860 154 984 188 Jordan
1001 154 1067 187 und
1080 154 1228 188 Dietsch.

161 259 316 291 tribunos
334 259 459 302 plebei,
477 258 572 290 modo
590 257 767 300 patricium
784 257 814 289 J.
832 257 916 299 quod
931 257 1088 289 tribunos
1103 256 1212 299 plebei
1230 257 1342 299 modo,
1368 259 1441 290 tum
1456 259 1562 301 patri-

164 305 251 337 cium
274 305 311 337 D.
328 312 340 337 1·
354 304 458 343 iussa)
492 303 575 336 iussi
599 303 634 334 D.
653 302 668 335 ΙΙ
685 302 727 334 20
750 313 832 346 quae
858 303 981 343 tamen)
1013 312 1074 345 qua
1096 306 1205 335 tamen
1228 303 1257 334 J.
1283 302 1320 335 D.
1339 302 1354 336 Η
1370 305 1562 346 potestatis)

161 349 336 392 potestatis
352 348 578 381 restituendae
595 348 632 380 D.
650 349 661 376 l¹
685 348 796 390 atque)
821 348 914 390 atqui
931 347 968 380 D.

269 419 393 469 Epist.
425 418 563 457 Mithr.
593 429 612 460 2
628 428 692 461 tibi
709 429 751 469 si)
776 428 841 461 tibi
857 429 885 460 J.
903 428 942 460 n.
963 427 979 460 Η
1000 428 1065 461 nisi
1082 428 1196 461 hostes
1214 428 1392 472 opportuni
1409 433 1443 461 et
1457 429 1563 462 scele-

160 474 321 513 stissumi,
340 473 473 516 egregia
492 472 587 514 fama,
605 473 634 506 si
653 473 815 506 Romanos
833 474 1054 516 oppresseris,
1072 473 1184 506 sutura
1202 478 1264 516 est,
1284 474 1400 516 neque)
1427 476 1563 516 egregia

160 519 257 560 fama,
274 520 303 551 si
318 519 481 552 Romanos
495 519 712 561 oppresseris,
725 518 838 551 futura
853 524 904 552 est
923 544 929 550 .
944 519 1010 551 nisi
1023 520 1138 552 hostes
1150 519 1328 562 opportuni
1343 525 1376 552 et
1390 519 1562 553 scelestis-

164 566 262 606 sumi,
280 575 382 608 neque
398 566 427 598 J.
447 564 485 596 D.
502 568 514 597 Ιι
534 566 572 597 14
590 571 625 598 et
641 564 848 605 Heracleam)
863 569 897 597 et
912 564 1005 607 apud
1019 564 1215 598 Heracleam
1233 565 1270 597 D.
1293 564 1308 599 ΙΙ
1332 566 1370 598 16
1390 575 1494 607 parvo
1512 565 1562 598 la·-

163 610 255 651 bore)
283 611 399 653 [parvo
416 610 542 650 labore]
560 610 597 642 D.
616 610 631 642 Ι.
652 611 690 641 17
709 611 850 653 raptum)
876 611 909 642 vi
924 614 1053 652 partum
1070 610 1106 642 D.
1126 614 1139 643 ιὶ
1157 614 1263 653 peste)
1288 610 1375 652 pesti
1393 610 1430 643 D.

242 2501 367 2544 verlag
391 2504 450 2536 der
475 2502 778 2537 Weidmannschen
803 2500 1062 2541 Buchhandlung
1086 2499 1127 2541 (J.
1156 2498 1297 2534 Reimer)
1322 2496 1356 2529 in
1382 2495 1504 2529 Berlin.

401 2632 495 2658 Druck
514 2640 567 2658 von
587 2631 632 2659 W.
652 2631 810 2658 Pormetter
829 2631 857 2657 in
875 2629 981 2661 Berlin,
1000 2629 1077 2655 Neue
1098 2625 1281 2652 Grunstrasse
1299 2626 1341 2651 30.
