1720 2875
108 885 185 922 103

203 104 284 144 208

693 104 728 137 C.
754 102 966 137 SALLUSTI
989 103 1122 136 CRJSPI

134 215 173 250 11
201 211 297 246 tuna
318 206 455 253 habes,
485 218 564 257 quo
591 205 743 245 facilius
771 211 895 244 errata
918 205 1058 244 officiis
1087 218 1265 257 superes.
1315 206 1524 246 Postremo
1544 206 1621 246 hoc

204 262 244 301 in
254 269 391 314 pectus
408 268 522 301 tuum
541 262 718 309 demitte,
736 274 955 313 numquam
973 263 1163 313 populum
1182 262 1404 302 Romanum
1419 261 1621 302 beneficiis

203 319 350 358 victum
373 331 478 358 esse:
503 331 593 357 nam
614 317 717 357 bello
739 318 834 369 quid
856 318 990 363 valeat,
1012 325 1098 357 tute
1121 318 1237 358 scis.“

314 375 371 413 Ad
394 388 438 414 ea
459 374 637 414 Bocchus
659 374 807 425 placide
829 381 870 413 et
889 374 1072 426 benigne,
1104 376 1220 414 simul
1242 387 1365 426 pauca
1386 386 1457 426 pro
1479 374 1621 414 delicto

201 444 273 470 suo
294 430 410 470 verba
433 431 544 470 facit:
575 444 617 469 se
640 443 721 470 non
744 431 876 469 hostili
898 432 1029 470 animo
1062 432 1131 470 sed
1154 432 1202 470 ob
1224 443 1390 482 regnum
1410 431 1621 470 tutandum

135 498 176 532 13
201 500 308 527 arma
325 487 497 537 cepisse3
518 500 608 526 nam
621 486 829 525 Numidiae
846 494 1010 538 partem,
1031 489 1136 527 unde
1157 488 1191 526 vi
1210 488 1439 538 Iugurtham
1460 487 1621 538 expule-

199 544 265 590 rit,
286 543 370 582 iure
391 543 483 582 belli
504 555 614 582 suam
639 543 801 588 factam3
823 556 908 581 eam
930 545 1070 583 vastari
1091 557 1111 583 a
1127 544 1249 583 Mario
1272 544 1353 596 pati
1375 543 1623 595 nequivisse;

136 611 176 644 14
202 606 409 651 praeterea
430 600 561 639 missis
578 605 693 638 antea
715 600 884 638 Romam
902 599 1038 650 legatis
1055 601 1257 651 repulsum
1281 601 1329 639 ab
1345 600 1533 645 amicitia;
1555 611 1622 638 ce-

201 662 331 695 terum
354 661 484 695 vetera
506 656 689 694 omittere
711 668 754 694 ac
777 662 874 702 tum,
893 656 925 695 si
947 669 1018 706 per
1037 657 1203 696 Marium
1226 657 1374 703 liceret,
1406 657 1552 707 legatos
1574 655 1624 694 ad

134 723 175 756 15
202 718 385 751 senatum
407 712 635 751 missurum.
689 711 784 751 Dein
814 712 924 763 copia
947 713 1046 752 facta
1067 714 1221 752 animus
1243 713 1396 752 barbari
1418 713 1465 752 ab
1487 711 1624 750 amicis

199 769 338 814 flexus,
360 780 460 820 quos
482 767 667 817 Iugurtha
690 768 845 819 cognita
866 769 1059 819 legatione
1080 769 1210 809 Sullae
1245 776 1283 808 et
1303 769 1420 809 Manli
1441 774 1624 807 metuens

199 824 253 870 id,
275 824 380 875 quod
404 823 624 875 parabatur,
647 824 763 863 donis
786 831 1030 875 corruperat.

319 879 463 919 Marius
484 881 633 920 interea
656 881 829 920 exercitu
850 881 891 920 in
914 880 1181 920 hibernaculis
1204 881 1421 932 composito
1443 892 1534 920 cum
1556 892 1623 919 ex-

198 936 343 988 peditis
363 936 593 976 cohortibus
614 944 652 975 et
667 944 779 988 parte
797 938 996 988 equitatus
1012 938 1274 988 proficiscitur
1290 938 1331 976 in
1347 938 1431 976 loca
1448 937 1531 975 sola
1547 935 1623 974 ob—

201 1005 357 1032 sessum
379 993 520 1032 turrim
543 993 703 1044 regiam,
725 1006 803 1044 quo
820 994 1008 1044 Iugurtha
1032 994 1218 1044 perfugas
1235 994 1364 1032 omnis
1381 993 1622 1045 praesidium

153 1063 174 1094 2
199 1050 443 1100 inposuerat.
476 1049 578 1088 Tum
599 1062 740 1088 rursus
762 1050 950 1093 Bocchus,
972 1061 1044 1088 seu
1064 1050 1285 1100 reputando
1308 1062 1410 1102 quae
1425 1049 1499 1088 sibi
1521 1049 1621 1088 duo-

198 1105 272 1144 bus
294 1105 452 1157 proeliis
476 1112 664 1144 venerant
687 1118 755 1144 seu
778 1105 1006 1145 admonitus
1027 1105 1074 1144 ab
1096 1106 1178 1145 aliis
1200 1106 1349 1152 amicis,
1372 1118 1472 1157 quos
1488 1105 1622 1144 incor-

197 1168 338 1213 ruptos
359 1162 548 1212 Iugurtha
569 1162 797 1212 reliquerat,
827 1174 873 1200 ex
903 1162 1011 1200 omni
1035 1163 1144 1213 copia
1167 1162 1481 1201 necessariorum
1505 1162 1622 1213 quin-

198 1231 275 1269 que
293 1218 450 1268 delegit,
469 1230 639 1269 quorum
659 1224 697 1256 et
712 1218 810 1256 fides
829 1218 983 1268 cognita
1003 1225 1041 1257 et
1057 1219 1214 1269 ingenia
1227 1219 1476 1258 validissuma
1493 1224 1620 1257 erant.

197 1274 275 1313 Eos
298 1274 345 1313 ad
369 1274 533 1313 Marium
555 1287 599 1313 ac
621 1274 775 1323 deinde,
799 1275 830 1313 si
851 1274 1014 1325 placeat,
1046 1275 1211 1314 Romam
1238 1276 1386 1326 legatos
1417 1276 1473 1314 ire
1495 1274 1622 1320 iubet3

198 1331 445 1381 agundarum
465 1343 601 1369 rerum
623 1337 662 1369 et
684 1343 937 1382 quocumque
959 1332 1078 1370 modo
1100 1332 1190 1371 belli
1211 1331 1622 1383 componundilicen-

198 1386 296 1426 tiam
317 1387 411 1438 ipsis
432 1387 637 1438 permittit.
681 1387 739 1425 Ilii
761 1393 917 1426 mature
947 1388 993 1426 ad
1024 1387 1187 1427 hiberna
1208 1389 1478 1427 Romanorum
1501 1387 1622 1438 profi-

201 1444 423 1491 ciscuntur3
452 1443 594 1482 deinde
626 1443 666 1482 in
694 1443 836 1482 itinere
864 1457 885 1482 a
909 1444 1083 1483 Gaetulis
1113 1444 1332 1483 latronibus
1364 1443 1625 1483 circumventi

248 1555 301 1587 10.
346 1565 410 1597 quo
433 1553 584 1597 facilius
617 1559 680 1586 etc.
715 1554 874 1586 schliel'st

201 1601 273 1633 sich
302 1602 416 1632 weder
451 1600 522 1631 rein
557 1599 759 1631 relativisch
787 1601 874 1631 noch

201 1651 289 1678 etwa
307 1646 358 1677 als
375 1645 567 1686 Folgesatz‚
593 1645 738 1676 sondern
757 1644 802 1676 im
819 1655 874 1676 re-

201 1690 425 1733 gelmiissigen
451 1690 571 1722 finalen
605 1690 708 1722 Siuue
741 1700 782 1720 an
817 1689 873 1721 die

200 1737 246 1768 im
263 1736 388 1777 regier.
415 1737 514 1768 Satze
537 1735 693 1775 liegende
710 1734 875 1766 Vorstel—

200 1781 282 1822 lung
314 1782 371 1812 des
401 1780 597 1820 Helfenden,
630 1779 874 1811 Fiirderlichen

201 1837 262 1864 am
297 1836 332 1858 es
363 1826 467 1857 heirst
483 1836 565 1866 „um
598 1824 694 1856 desto
728 1824 875 1856 leichter

202 1871 301 1903 deine
335 1870 566 1911 Verirrungen
596 1870 701 1901 durch
724 1868 875 1900 Freuud-

201 1914 462 1949 schastsdieuste
480 1916 574 1947 mehr
599 1915 650 1946 als
673 1920 733 1954 gut
749 1925 790 1945 zu
807 1925 875 1946 ma-

202 1962 310 1994 chen“
328 1962 424 2002 (oder
448 1965 532 2002 „gut
561 1961 698 1991 macheu
722 1970 764 1990 zu
792 1959 875 1990 k'o'n-

204 2006 318 2047 nen“).

250 2052 302 2083 11.
328 2051 495 2093 beneficit&
512 2051 652 2082 victum:
670 2059 711 2081 zu
729 2049 760 2088 9,
779 2049 809 2080 3.

247 2107 344 2129 nam:
363 2107 405 2128 zu
422 2096 493 2128 Cat.
514 2095 567 2136 58,
587 2095 641 2126 20.

250 2142 304 2175 13.
327 2143 361 2174 vi
381 2141 458 2183 lug.
480 2139 666 2183 ‘’a-pulerit:
692 2139 765 2171 eine
779 2138 872 2180 Liige

202 2187 261 2219 des
281 2188 440 2226 Bocchus,
458 2196 511 2217 um
522 2187 577 2217 die
595 2186 648 2224 37,
661 2186 679 2215 2
698 2185 872 2217 erzahlteu

201 2232 487 2272 Verhaudlungen
521 2242 562 2262 zu
593 2230 780 2269 verborgen
805 2230 873 2261 und

201 2277 256 2309 die
272 2279 336 2309 Art
352 2277 412 2309 der
428 2276 638 2316 Erwerbung
661 2275 754 2306 eines
770 2274 872 2306 Thei-

200 2323 252 2353 les
269 2332 335 2354 von
351 2322 529 2355 Numidien
549 2322 583 2352 in
601 2323 706 2352 einem
724 2319 779 2351 fiir
796 2321 870 2352 sein

200 2367 400 2400 Verb'ziltnis
414 2378 456 2398 zu
474 2368 536 2398 den
567 2365 710 2398 Riimern
742 2365 875 2405 giinsti-

202 2422 305 2454 geren
324 2412 440 2445 Lichte
457 2411 700 2443 darzustellen.

242 2461 423 2501 praeterea
441 2483 448 2489 .
467 2481 475 2489 .
492 2467 563 2500 rep.
573 2457 616 2488 ab
629 2457 797 2489 amicicia:
815 2465 876 2487 zur

202 2502 309 2535 Sache
328 2503 395 2544 vgl.
415 2503 468 2543 80,
487 2504 507 2533 4
526 2513 557 2533 u.
575 2504 607 2533 5.

250 2541 341 2580 103.
396 2549 422 2580 1.
474 2546 720 2579 hibernaculis:
775 2545 876 2578 Diese

950 1554 1363 1596 „Winterlagerstiitteffl
1382 1555 1533 1595 wurden,
1556 1554 1621 1586 wie

948 1610 1009 1631 aus
1032 1601 1106 1640 100,
1129 1603 1141 1633 1
1161 1600 1439 1640 hervorzugehen
1474 1599 1617 1641 scheint‚

948 1645 982 1676 iu
1022 1645 1081 1677 der
1121 1645 1383 1677 uumittelbareu
1420 1643 1515 1677 Nahe
1561 1644 1623 1677 der

948 1688 1194 1722 liiistenst'adte
1217 1689 1488 1730 aui'geschlagen.
1510 1688 1623 1722 Nach-

947 1735 1021 1775 her,
1045 1737 1065 1776 ᾗ
1083 1737 1115 1776 4,
1144 1735 1230 1774 folgt
1259 1735 1387 1766 wieder
1404 1736 1465 1767 der
1492 1733 1620 1766 umfas-

949 1781 1090 1812 sendere
1123 1780 1303 1812 Ausdruck
1331 1780 1471 1811 hiberna
1494 1778 1623 1818 „win-

947 1826 1175 1867 terquartiere
1190 1826 1233 1865 “’,
1269 1824 1419 1857 welcher
1449 1824 1621 1857 natiirlich

948 1870 1010 1901 den
1044 1870 1288 1911 specielleren,
1321 1869 1549 1910 hibernacula,
1585 1870 1619 1902 in

948 1915 1020 1947 sich
1038 1915 1263 1947 einschliel'st.
1297 1914 1374 1955 vgl.
1405 1914 1505 1947 Corn.
1533 1913 1619 1957 Nep.

947 1961 1046 2000 Ages.
1067 1962 1085 1991 3
1106 1959 1320 2002 (Agesilaus)
1350 1959 1524 2002 Ephesum
1549 1960 1622 1992 hie-

946 2008 1077 2036 matum
1093 2007 1283 2037 eoeercitam
1298 2003 1436 2037 reduxit
1458 2004 1524 2036 und
1541 2004 1618 2036 bald

947 2050 1070 2082 darauf
1083 2061 1156 2082 cum
1175 2053 1307 2092 tempus
1322 2053 1408 2081 esset
1440 2050 1550 2081 visum
1565 2059 1620 2081 co-

942 2097 1020 2138 pias
1044 2096 1224 2128 eoelrahere
1247 2105 1293 2126 ea·
1317 2093 1551 2127 hibernaculis.
1576 2113 1619 2117 -

948 2139 1102 2172 Gemeint
1128 2141 1171 2173 ist
1200 2140 1260 2171 der
1289 2138 1427 2171 Winter
1455 2149 1521 2170 von
1550 2140 1616 2172 648

948 2186 1039 2226 (106)
1057 2196 1098 2216 zu
1117 2186 1182 2218 649
1209 2185 1313 2224 (105).

991 2232 1119 2262 omnis:
1133 2229 1293 2270 ,‚lauter·‘
1311 2229 1378 2261 wie
1396 2228 1470 2261 cat.
1488 2228 1542 2269 59,
1559 2228 1590 2260 3.

989 2276 1020 2307 2.
1045 2286 1169 2308 rursus
1184 2288 1192 2306 ι
1212 2274 1466 2316 gegens'atzlich
1481 2274 1543 2306 mit
1558 2273 1621 2306 Be-

942 2331 1007 2361 zug
1024 2320 1084 2352 auf
1100 2322 1176 2357 102,
1200 2322 1251 2354 15.

993 2365 1164 2405 sibi2vg1.
1185 2366 1239 2404 61,
1261 2365 1287 2395 ι.

994 2411 1025 2442 3.
1047 2409 1201 2453 placeat:
1222 2409 1320 2441 niiml.
1339 2408 1462 2441 Mario.

995 2465 1215 2497 quocumque:
1245 2455 1312 2486 Der
1339 2454 1434 2486 nicht
1466 2452 1620 2485 relativi-

951 2501 1029 2533 sche
1047 2499 1227 2532 Gebrauch
1259 2501 1318 2532 des
1343 2499 1485 2532 Wortes
1516 2497 1617 2530 findet

951 2546 1022 2577 sich
1039 2545 1094 2577 bei
1111 2545 1194 2578 Sall.
1213 2555 1274 2576 nur
1291 2545 1377 2576 hier.
