1720 2875
571 142 626 173 DE
651 140 762 174 conl.
788 139 929 174 CAT1L.
956 139 990 171 e.
1017 139 1160 172 58-59.
1509 138 1563 178 87

162 245 426 296 aggredimini,
450 257 644 283 memores
665 243 851 294 pristinae
873 242 1037 280 virtutis.
1068 241 1193 280 Licuit
1214 242 1320 280 vobis
1341 252 1431 280 curn
1453 253 1563 281 sum·
1590 243 1628 278 13

161 313 224 340 ma
240 302 485 352 turpitudine
501 302 541 339 in
556 300 668 339 exilio
686 304 853 338 aetatem
870 310 1001 349 agere,
1018 298 1198 348 potuistis
1216 310 1294 337 non
1310 298 1406 337 nulli
1419 298 1563 338 Romae

156 358 315 397 amissis
332 357 448 396 bonis
470 358 612 396 alienas
635 368 726 406 opes
749 362 989 406 exspectare:
1012 355 1101 405 quia
1118 355 1180 393 illa
1197 354 1308 393 foeda
1326 362 1440 406 atque
1452 354 1561 393 'into—
1590 356 1630 388 14

160 414 316 453 leranda
339 414 428 452 viris
451 413 698 457 videbantur,
721 412 815 451 haec
836 411 947 462 sequi
969 411 1202 450 decrevistis.
1250 411 1289 449 Si
1318 412 1412 450 haec
1438 412 1560 450 relin—
1591 414 1628 445 15

160 483 282 522 quere
304 470 426 514 voltis,
448 469 604 508 audacia
626 481 724 519 opus
746 474 823 506 est:
845 480 962 506 nemo
979 467 1053 506 nisi
1069 467 1294 517 victorpace
1312 467 1454 506 bellum
1473 476 1558 507 mu·-

157 527 264 566 tavit.
298 526 394 565 Nam
412 526 449 564 in
461 525 548 575 fuga
561 525 725 563 salutem
740 537 910 576 sperare,
923 537 1010 563 cum
1025 536 1143 567 arma,
1157 524 1297 574 quibus
1311 536 1451 575 corpus
1463 525 1562 575 tegi·
1590 525 1629 557 16

160 588 236 628 tur,
253 583 300 620 ab
318 582 492 620 hostibus
510 581 712 625 avorteriS,
729 593 770 619 ea
789 593 879 619 vero
896 581 1091 619 dementia
1109 585 1178 618 est.
1212 580 1374 630 Semper
1390 581 1429 619 in
1447 588 1563 631 proc·
1592 584 1630 614 17

157 639 208 677 lio
224 639 279 677 eis
299 650 523 676 maxumum
541 643 599 675 est
612 637 918 688 periculumqui
938 649 1118 675 maxume
1134 636 1295 675 timent:
1317 637 1473 675 audacia
1486 645 1561 688 pro

158 707 270 734 muro
291 694 470 733 habetur.
516 694 612 733 Cum
635 707 702 732 vos
725 693 943 739 considero,
966 693 1119 738 milites,
1143 699 1181 731 et
1201 705 1289 731 cum
1311 694 1409 732 facta
1432 699 1561 732 vostra
1589 696 1628 729 18

153 757 352 795 aestumo,
384 763 521 800 magna
544 763 605 789 me
627 763 714 801 spes
738 750 920 789 victoriae
944 755 1060 788 tenet.
1111 750 1275 788 Animus
1304 756 1406 788 aetas
1438 750 1558 788 virtus
1588 753 1626 785 19

156 813 282 846 vostra
305 820 367 845 me
387 807 611 852 hortantur,
635 812 833 857 praeterea
858 805 1124 847 necessitudo,
1148 819 1245 855 quae
1266 807 1383 844 etiam
1403 806 1560 845 timidos

155 863 266 903 fortis
288 863 388 902 facit.
421 864 517 902 Nam
536 863 743 902 multitudo
760 863 933 901 hostium
947 874 997 900 ne
1015 862 1298 900 circumvenire
1317 868 1444 912 queat,
1465 875 1558 913 pro-
1586 865 1627 897 20

153 920 292 959 hibent
313 920 513 970 angustiae
534 919 620 958 loci.
666 919 777 966 Quod
801 919 833 957 si
855 919 986 958 virtuti
1009 924 1162 957 vostrae
1184 921 1340 957 fortuna
1363 919 1558 964 inviderit,
1585 922 1623 955 21

155 982 285 1016 cavete
306 975 419 1015 inulti
440 976 610 1015 animam
641 976 849 1020 amittatis,
880 988 958 1014 neu
987 975 1088 1026 capti
1117 975 1246 1026 potius
1276 974 1389 1013 sicuti
1417 988 1559 1026 pecora

151 1033 413 1079 trucidemini,
437 1045 553 1083 quam
576 1033 749 1072 virorum
772 1045 881 1071 more
902 1037 1120 1082 pugnantes
1142 1037 1346 1070 cruentam
1368 1036 1484 1083 atque
1500 1032 1560 1071 lu-

153 1094 330 1128 ctuosam
353 1089 552 1127 victoriam
573 1088 752 1128 hostibus
773 1089 1043 1139 relinquatis.‘·

236 1145 340 1184 Haec
361 1144 428 1183 uhi
450 1145 563 1191 dixit,
600 1145 799 1197 paululum
821 1150 1105 1191 commoratus,
1143 1144 1251 1194 signa
1281 1156 1417 1183 canere
1453 1144 1560 1184 iubet
1580 1149 1631 1186 59

149 1209 264 1252 atque
284 1202 497 1240 instructos
520 1202 675 1240 ordines
696 1202 879 1240 inlocum
897 1214 1064 1252 aequum
1082 1201 1249 1240 deducit.
1281 1200 1379 1239 Dein
1396 1200 1558 1239 remotis

152 1258 331 1297 omnium
355 1258 480 1309 equis,
501 1270 578 1309 quo
601 1258 786 1296 militibus
803 1265 1017 1308 exaequato
1034 1258 1204 1308 periculo
1221 1257 1373 1295 animus
1390 1258 1556 1308 amplior

149 1321 265 1357 esset,
287 1315 369 1365 ipse
391 1314 509 1364 pedes
531 1315 744 1353 exercitum
766 1326 835 1365 pro
856 1315 940 1352 loco
963 1320 1079 1365 atque
1102 1314 1222 1365 copiis
1240 1313 1411 1352 instruit.
1444 1313 1553 1361 Nam,
1581 1316 1599 1347 2

150 1370 205 1410 uti
225 1370 406 1422 planities
427 1376 508 1409 erat
527 1371 628 1409 inter
644 1371 826 1409 sinistros
843 1371 988 1409 montis
1006 1376 1045 1409 et
1057 1371 1103 1409 ab
1122 1371 1280 1409 dextera
1291 1382 1388 1421 rupe
1406 1382 1555 1422 aspera,

146 1496 372 1537 hingewiesen
389 1506 442 1527 um
465 1497 527 1528 den
544 1496 639 1528 Muth
661 1507 702 1528 zu
720 1498 816 1529 erhb'-

148 1543 224 1581 hen,
242 1542 307 1573 wie
327 1542 378 1581 59,
397 1543 426 1573 5.

198 1587 247 1620 14.
263 1587 359 1617 haec:
377 1586 516 1626 „diesen
533 1596 676 1618 unseren
693 1596 814 1628 gegen-

146 1631 313 1672 wiirtigen
346 1630 481 1673 Rumpf,
510 1631 603 1664 diese
632 1642 726 1664 zwar
754 1643 814 1663 un-

148 1676 288 1717 sichere,
331 1677 412 1708 aber
450 1687 571 1708 unsere
604 1676 692 1709 Ehre
742 1683 812 1709 ret-

142 1722 244 1754 tende
263 1721 386 1763 Lage“.
412 1722 503 1753 Eheu
518 1732 554 1753 so
570 1722 680 1762 gleieh
694 1721 817 1754 ‹lai-auf

145 1767 282 1806 wieder,
300 1777 363 1798 nur
380 1768 456 1799 dass
480 1768 557 1800 dort
585 1767 642 1798 das
668 1767 813 1800 Moment

141 1811 204 1844 der
231 1811 467 1844 Unsicherheit
503 1813 535 1844 in
568 1813 630 1844 den
660 1813 812 1845 Vox-der-

145 1857 252 1898 grund
268 1858 357 1889 tritt.

196 1903 246 1934 15.
281 1912 359 1943 pace
391 1902 508 1934 bellum
537 1904 702 1935 mutavit:
733 1903 812 1935 Hier

148 1947 238 1978 steht
269 1948 328 1979 das
354 1947 608 1988 Weggegebene
632 1948 676 1980 im
704 1949 812 1980 Accu-

145 1992 247 2031 sativ,
261 1992 319 2024 das
333 1992 593 2033 Eingetauschte
607 1993 649 2024 im
658 1993 810 2033 Ablativ3

145 2037 341 2078 umgekehrt
363 2038 441 2069 Hor.
467 2038 572 2069 Carm.
592 2038 623 2079 3,
644 2040 672 2077 1,
689 2040 731 2070 47
749 2049 811 2071 cur

145 2082 228 2114 valle
241 2085 428 2126 permutem
444 2081 569 2114 Sabina
585 2082 721 2115 divitias
737 2094 811 2127 ope-

143 2128 311 2159 roszbres?
343 2128 410 2169 vgl.
441 2139 481 2159 zu
510 2127 578 2168 lug.
608 2129 661 2168 38,
688 2130 738 2161 10.
767 2148 810 2152 —-

145 2171 255 2205 Ueber
271 2173 301 2204 d.
320 2172 408 2205 Perf.
426 2185 466 2205 zu
487 2174 538 2214 ll,
555 2173 586 2204 3.

194 2218 244 2250 17.
269 2219 428 2250 liabetur.-
447 2230 487 2250 zu
509 2218 537 2259 l,
555 2219 576 2250 4
594 2219 658 2250 und
676 2219 706 2258 2,
725 2219 756 2250 2.

191 2263 243 2295 20.
269 2273 367 2295 nam.-
384 2265 546 2305 hegegnet
558 2264 687 2296 schnell
705 2265 819 2296 einem

144 2307 250 2340 leicht
272 2318 312 2341 zu
329 2310 526 2341 machenden
552 2310 618 2341 und
649 2321 712 2341 von
737 2311 809 2341 dem

146 2351 251 2384 Leser
286 2364 328 2385 zu
364 2355 602 2396 supplireuden
643 2354 809 2395 Einwurf,

146 2397 291 2429 n'aimlich
306 2398 381 2430 hier
398 2399 480 2441 dem,
498 2400 575 2432 dass
591 2401 646 2431 die
664 2400 809 2441 Menge

143 2443 206 2474 der
238 2442 361 2475 Feinde
400 2445 453 2477 bei
494 2445 580 2477 aller
613 2444 811 2488 Tapferkeit

143 2488 229 2520 doch
267 2489 328 2520 den
361 2489 440 2529 Sieg
475 2490 634 2522 uusieher
673 2492 809 2523 macheu

143 2531 278 2565 kiinnte.
305 2533 396 2565 Eheu
419 2544 454 2566 so
478 2535 651 2577 elliptisch
666 2536 720 2576 40,
739 2538 758 2568 5
776 2547 806 2568 u.

140 2577 241 2610 fifter.

934 1491 995 1532 59.
1025 1499 1053 1529 1.
1072 1499 1172 1539 sigma
1189 1497 1235 1529 ist
1252 1497 1388 1538 Subject
1404 1499 1462 1530 des
1477 1499 1556 1531 Ace.

888 1553 915 1573 c.
936 1542 994 1574 inf.
1013 1553 1054 1573 zu
1071 1552 1197 1582 canere,
1225 1543 1291 1574 und
1317 1543 1428 1575 dieses
1452 1544 1553 1576 Vei-b.

887 1588 931 1618 im
944 1588 1119 1620 neutralen
1133 1588 1234 1619 smne
1249 1599 1288 1619 zu
1303 1590 1458 1628 nehmen,
1473 1591 1554 1621 eben

887 1643 922 1664 so
941 1633 1007 1674 lug.
1026 1633 1080 1673 94,
1098 1634 1117 1664 5
1134 1644 1164 1664 ιι.
1180 1634 1234 1674 99,
1253 1635 1263 1664 l
1284 1634 1355 1673 (das
1370 1635 1553 1675 erstemal).

886 1677 959 1709 Liv.
979 1678 1032 1718 28,
1050 1678 1092 1709 27
1110 1680 1144 1709 ia
1157 1681 1330 1719 praetorto
1346 1679 1555 1712 tetenderunt

884 1724 1004 1755 Albius
1019 1726 1050 1754 et
1067 1725 1206 1762 Atrius;
1225 1724 1445 1757 classicum
1463 1725 1557 1768 apud

885 1779 942 1800 eos
964 1770 1132 1807 cecinit,-
1164 1771 1303 1810 signum
1336 1770 1381 1810 (iu
1414 1771 1555 1803 andex-er

884 1814 1077 1854 Bedeutung
1093 1829 1114 1839 =
1131 1816 1278 1851 tessera‚·
1300 1816 1428 1847 wieder
1444 1815 1479 1847 in
1496 1827 1554 1848 an-

885 1860 984 1891 derer
1000 1859 1074 1890 hier
1091 1857 1110 1900 ξ
1128 1859 1161 1898 2)
1191 1860 1231 1890 ab
1256 1861 1304 1891 eis
1326 1863 1470 1904 petitum
1494 1864 1553 1893 est.

884 1904 1040 1944 Dagegen
1072 1904 1164 1936 Caes.
1192 1905 1226 1935 Β.
1252 1904 1286 1937 C.
1306 1906 1337 1946 3,
1366 1906 1408 1938 82
1436 1906 1552 1938 elassi-

883 1959 1024 1991 enmque
1041 1948 1134 1992 apud
1148 1960 1222 1981 eum
1241 1953 1318 1982 eam'
1330 1975 1337 1982 .
1357 1975 1363 1982 .
1381 1952 1480 1984 iubet.

928 1996 1067 2027 remotis
1099 1999 1181 2026 ete:
1222 1995 1276 2027 ein
1315 1995 1420 2028 b'fters
1454 2007 1553 2037 auge-

883 2041 1034 2071 wandtes
1058 2039 1170 2071 Mittel
1201 2050 1255 2072 um
1289 2041 1349 2073 den
1375 2041 1470 2074 Muth
1495 2042 1551 2073 des

882 2084 1062 2117 Fussvolks
1080 2095 1121 2116 zu
1134 2085 1276 2117 erh'dhen
1290 2087 1356 2118 und
1369 2087 1423 2118 die
1432 2086 1553 2119 Flucht

885 2141 926 2161 zu
943 2131 1166 2162 ersehweren.

929 2176 959 2206 2.
984 2177 1038 2206 uti
1054 2199 1062 2206 .
1081 2200 1087 2206 .
1106 2179 1199 2208 erat:
1213 2176 1329 2208 nimmt
1341 2175 1399 2208 das
1409 2177 1549 2208 vorher-

883 2220 1030 2261 gehende
1045 2230 1106 2262 pro
1123 2221 1193 2252 loco
1216 2220 1281 2252 auf.

927 2266 968 2296 ab
980 2264 1121 2296 demet-a
1132 2276 1218 2309 rupe
1225 2276 1347 2309 aspera
1355 2278 1366 2297 .-
1377 2280 1399 2292 =
1411 2267 1454 2298 ab
1467 2265 1551 2299 dex-

883 2313 958 2342 tera
975 2312 1093 2351 (erant)
1116 2311 1187 2342 loca
1207 2314 1344 2354 propter·
1373 2322 1489 2354 mpem
1511 2322 1551 2344 a-

881 2365 988 2396 spera.
1009 2354 1090 2386 Sall.
1102 2356 1186 2388 liebt
1197 2355 1259 2388 den
1270 2357 1470 2389 substantiv.
1486 2357 1553 2390 Ge-

881 2401 1007 2432 braueh
1020 2401 1079 2432 der
1087 2401 1215 2433 Neutra
1231 2412 1296 2433 von
1310 2402 1551 2443 Adject.iiber-

881 2447 992 2488 haupt.
1025 2445 1108 2477 Dass
1126 2455 1163 2478 ei·
1180 2446 1233 2478 ein
1252 2446 1305 2478 bei
1321 2448 1551 2488 mangelndem

882 2490 1103 2522 Nachdenken
1143 2492 1208 2523 und
1248 2490 1408 2525 falschem
1440 2493 1546 2525 Lesen

883 2541 971 2567 etwa
996 2536 1177 2576 megliehes
1194 2537 1477 2570 Misverstandnis
1506 2556 1548 2560 —-

882 2590 1004 2624 aspera
1026 2581 1077 2613 als
1100 2582 1174 2613 Abl.
1199 2593 1240 2615 zu
1264 2592 1348 2626 rupe
1380 2601 1425 2607 -
1457 2583 1549 2615 nicht
