1720 2875
147 125 201 165 86
634 122 669 155 e.
695 122 903 157 sALLusrl
928 123 1061 156 cmspi

147 232 283 266 natura
300 231 366 266 aut
381 225 556 264 moribus
572 225 686 270 inest,
703 231 810 265 tanta
825 225 866 264 in
878 226 981 265 helio
998 231 1131 277 patere
1145 227 1264 266 solet:
1287 239 1403 278 quem
1421 240 1549 280 neque

146 283 265 334 gloria
287 294 414 333 neque
435 281 605 333 pericula
625 281 807 327 excitam,
827 283 1069 334 nequiquam
1091 284 1267 322 hortere:
1290 284 1409 323 timor
1429 284 1550 324 animi

101 347 119 378 3
148 339 307 379 auribus
329 338 459 377 officit.
508 338 583 377 Sed
607 351 677 390 ego
700 351 779 384 vos,
802 352 880 390 quo
901 352 1020 390 pauca
1043 351 1259 384 monerem,
1281 340 1474 387 advocavi,
1497 341 1551 380 si-

100 405 120 436 4
146 396 225 435 mul
245 395 300 434 uti
316 407 472 434 causam
489 394 566 433 mei
583 395 721 434 consili
739 396 944 447 aperirem.
976 396 1092 435 Scitis
1111 397 1305 447 equidem,
1320 397 1475 442 milites,
1484 410 1552 436 so-

145 451 274 492 cordia
296 457 411 502 atque
432 451 581 502 ignavia
597 451 755 490 Lentuli
777 458 965 503 quantam
983 452 1056 503 ipsi
1075 453 1265 504 nobisque
1282 453 1432 492 cladem
1448 459 1553 493 attu-

145 508 245 553 lerit,
267 520 423 559 quoque
444 508 576 551 modo,
599 508 693 547 dum
716 521 763 546 ex
784 508 881 547 urbe
899 509 1092 559 prae-sidia
1114 510 1306 561 opperior,
1329 509 1370 548 in
1391 509 1553 549 Galliam

100 576 117 605 5
146 564 337 615 proficisci
367 564 625 616 nequiverim.
676 564 791 603 Nunc
818 577 911 603 vero
938 578 1017 616 quo
1052 567 1136 604 loco
1173 579 1234 605 res
1270 572 1428 606 nostrae
1463 567 1553 612 sint,

99 633 118 665 6
144 622 251 660 iuxta
268 633 424 660 meeum
441 633 581 660 omnes
599 621 834 671 intellegitis.
867 621 1069 661 Exercitus
1086 623 1259 661 hostium
1278 624 1367 669 duo,
1385 635 1488 662 unus
1505 622 1553 662 ab

145 677 240 717 urbe
261 678 358 717 alter
379 690 400 717 a
420 678 540 716 Gallia
562 677 737 722 obstant;
758 677 906 716 diutius
927 678 968 717 in
991 678 1050 717 his
1071 678 1165 717 locis
1187 692 1285 725 esse,
1317 680 1348 719 si
1371 691 1553 719 maxume

99 746 117 776 7
143 734 300 774 animus
311 734 622 781 serat‚f1·un1enti
634 741 751 786 atque
764 735 923 773 aliarum
936 747 1068 774 rerum
1084 741 1234 786 egestas
1247 736 1442 786 prohibet;
1453 748 1555 788 quo-

99 802 118 833 8
144 803 312 842 cumque
330 791 387 829 ire
408 790 553 842 placet,
585 791 691 830 ferro
713 791 786 830 iter
806 792 1068 842 aperiundum
1094 797 1166 830 est.
1214 794 1459 843 Quapropter
1484 804 1553 831 vos

144 859 298 890 moneo.
322 847 378 886 uti
399 848 490 886 forti
512 854 628 898 atque
650 854 784 899 parato
805 849 937 887 auimo
958 848 1045 887 sitis
1066 855 1123 894 et,
1153 861 1239 888 cum
1271 849 1464 899 proelium
1491 849 1555 888 in-

142 904 261 949 ibitis,
284 904 540 943 memineritis
563 917 630 943 vos
662 905 812 943 divitias
843 905 961 944 decus
990 906 1174 956 gloriam,
1208 911 1408 956 praeterea
1439 905 1557 944 liher-

99 971 118 1002 9
146 966 263 1000 tatem
285 966 402 1011 atque
431 961 597 1012 patriam
629 961 669 999 in
699 961 869 1000 dexteris
899 963 1039 1000 vostris
1068 968 1234 1013 portare.
1279 962 1318 1000 Si
1348 961 1554 1007 vincimus,

144 1017 274 1055 omnia
292 1016 406 1056 nobis
422 1023 506 1056 tuta
526 1025 654 1062 erunt,
677 1024 918 1056 commeatus
936 1018 1104 1064 abunde,
1128 1018 1339 1069 municipia
1355 1024 1472 1070 atque
1488 1031 1555 1058 co-

80 1083 119 1116 10
145 1074 272 1113 ioniae
294 1074 501 1125 patebunt:
530 1075 592 1113 sin
613 1080 722 1113 metu
744 1074 996 1121 cesserimus,
1018 1075 1154 1114 eadem
1178 1075 1239 1114 illa
1262 1075 1421 1114 advorsa
1443 1076 1557 1122 fient3

143 1142 273 1182 neque
295 1132 402 1169 locus
422 1143 552 1181 neque
574 1131 722 1170 amicus
744 1131 953 1182 quisquam
969 1137 1076 1181 teget
1092 1143 1207 1182 quem
1226 1143 1331 1170 arma
1349 1143 1433 1170 non
1448 1137 1557 1170 texe-

79 1199 119 1231 11
147 1187 240 1226 rint.
280 1187 500 1231 Praeterea,
523 1188 676 1229 milites,
700 1199 781 1226 non
799 1188 934 1226 eadem
951 1187 1063 1226 nobis
1081 1195 1119 1226 et
1136 1188 1210 1226 illis
1228 1188 1476 1227 necessitudo
1493 1188 1558 1227 in-

147 1244 312 1295 pendet:
336 1255 410 1282 nos
432 1256 501 1294 pro
525 1244 647 1294 patria
670 1256 740 1295 pro
762 1244 940 1283 libertate
962 1257 1031 1295 pro
1055 1244 1128 1284 vita
1151 1251 1366 1290 certamus;
1392 1245 1466 1284 illis
1489 1256 1555 1284 su-

80 1310 118 1343 12
146 1312 429 1351 pervacaneum
452 1305 512 1339 est
531 1312 601 1351 pro
623 1301 798 1352 potentia
815 1313 1026 1352 paucorum
1043 1313 1230 1352 pugnare.
1269 1301 1356 1347 Quo
1373 1301 1558 1341 audacius

145 1390 314 1432 gehendeu
337 1392 494 1422 virtulem
509 1401 574 1422 non
590 1390 713 1423 addere
743 1396 815 1424 ent-

144 1436 225 1468 h‘alt.
243 1454 285 1458 —
304 1435 370 1468 Der
381 1435 734 1476 Zusammenstellung
749 1447 814 1468 von

146 1492 190 1513 ω)
206 1482 327 1523 ignavo
343 1483 521 1513 strenuum
546 1482 605 1513 mit
624 1482 753 1524 fortem
769 1492 815 1513 eac

122 1526 265 1576 'timido
289 1527 385 1562 (auch
409 1527 468 1558 der
493 1527 666 1559 Chiasmus
691 1538 732 1559 zu
756 1527 815 1559 be-

146 1573 286 1610 achten3
305 1582 346 1603 zu
363 1572 394 1609 3,
413 1572 445 1610 3)
464 1573 652 1614 entspricht
669 1573 815 1605 naehher

147 1618 167 1660 ᾗ
185 1618 203 1650 2
221 1618 274 1650 die
292 1628 355 1649 von
373 1620 497 1649 natura
514 1618 579 1649 und
595 1619 754 1650 moribus.

193 1663 224 1695 2.
256 1665 392 1706 patere.-
432 1663 483 1694 An
506 1663 651 1695 anderen
675 1663 815 1704 Steilen,

147 1720 176 1741 z.
195 1708 229 1740 B.
252 1710 303 1749 10,
325 1711 337 1741 1
359 1709 423 1744 und
441 1713 541 1740 uuten
559 1708 580 1750 ξ
598 1709 628 1748 9,
652 1709 736 1740 wird
756 1719 814 1741 aus

146 1754 206 1786 der
222 1752 528 1795 Grundbedeutung
545 1754 598 1786 die
615 1754 816 1796 speciellere

147 1809 234 1841 „zur
249 1800 444 1839 Benutzung
461 1797 526 1831 frei
544 1800 673 1838 stehen,
691 1810 732 1831 zu
750 1798 816 1832 Ge-

151 1846 226 1877 bote
240 1845 391 1876 steheu“.
411 1843 492 1876 Hier
505 1844 586 1876 aber
600 1844 731 1885 ergiebt
745 1844 816 1877 sich

147 1890 190 1922 im
209 1889 398 1930 Gegensatz
412 1900 453 1920 zu
466 1891 549 1921 inest
560 1889 619 1922 der
633 1890 714 1922 Sinn
732 1890 816 1930 „der

146 1934 421 1976 Wahrnehuiung
437 1935 636 1976 zugiiuglich
653 1935 725 1967 sein
743 1936 771 1967 d.
792 1935 815 1966 i.

145 1980 296 2012 sichtbar
312 1981 466 2020 werden,
484 1981 757 2012 hervortreten“.

193 2027 302 2058 animi
311 2038 321 2056 .-
355 2025 399 2056 ist
428 2026 532 2058 neben
553 2026 696 2059 auribus
725 2026 817 2058 nicht

148 2071 420 2112 bedeutungslos.

191 2117 222 2148 4.
249 2126 374 2159 quoque
389 2115 486 2148 modo
506 2121 570 2148 etc.
588 2131 609 2143 =
625 2119 655 2148 et
669 2126 730 2158 quo
743 2125 814 2147 mo-

145 2161 204 2202 do,
229 2161 334 2193 dum.
358 2187 365 2193 .
386 2186 392 2193 .
417 2163 585 2205 opperior,
614 2162 745 2202 saelum
773 2163 818 2192 sit

148 2209 183 2239 ut
210 2208 244 2238 in
276 2206 356 2240 Gall.
382 2207 551 2249 proficisci
575 2217 639 2239 non
672 2217 816 2250 possem.

147 2252 206 2284 Die
232 2252 355 2284 Worte
378 2251 459 2284 dum
478 2277 486 2284 .
506 2277 512 2283 .
534 2277 541 2284 .
561 2262 669 2296 ορμον.
689 2252 819 2284 euthal-

146 2302 213 2337 ten,
231 2297 282 2329 als
300 2297 490 2339 Erkliirung
507 2308 547 2329 zu
561 2308 622 2340 quo
634 2297 740 2338 modo,
759 2297 820 2330 den

147 2342 542 2383 Verhiuderungsgrund.

193 2389 224 2420 5.
261 2397 322 2429 quo
347 2387 435 2420 Ioco:
463 2388 594 2420 scheint
621 2388 738 2420 besser
767 2388 822 2419 be-

149 2432 302 2474 glaubigt
318 2433 368 2464 als
391 2433 446 2465 die
472 2434 595 2466 andere
612 2433 734 2466 Lesart
755 2442 820 2475 quo

150 2479 185 2510 in
201 2477 282 2509 loco.
314 2477 472 2519 Zul'assig
503 2480 548 2511 ist
577 2480 635 2511 das
665 2479 738 2511 eine
754 2478 820 2510 wie

150 2523 208 2555 das
226 2523 367 2562 anderez„
401 2524 467 2564 vgl.
494 2524 588 2556 Caes.
614 2525 646 2556 B.
668 2523 706 2556 G.
729 2524 758 2564 2,
778 2523 820 2556 26

152 2570 212 2610 qui
225 2579 301 2601 eum
316 2579 363 2601 eoe
379 2570 527 2610 equitum
543 2572 574 2601 et
589 2569 746 2601 calonum
753 2570 821 2611 fu-

885 1402 946 1433 ga,
963 1402 1024 1433 quo
1042 1393 1076 1423 in
1093 1392 1161 1423 loca
1176 1401 1233 1423 res
1253 1394 1340 1424 esset
1358 1417 1364 1423 .
1385 1417 1392 1423 .
1410 1416 1418 1423 .
1436 1402 1558 1434 coguo-

887 1438 1018 1469 vz'ssenl.
1044 1437 1196 1478 Dagegen
1214 1437 1284 1470 Cic.
1301 1437 1343 1469 ad
1360 1438 1430 1469 Att.
1450 1439 1500 1478 11,
1517 1438 1556 1470 13

886 1482 1020 1514 meliore
1033 1482 1098 1514 loeo
1110 1492 1168 1514 res
1180 1485 1288 1514 erant.
1308 1482 1408 1514 Beide
1422 1483 1559 1516 Constr.

889 1527 991 1559 neben
1003 1528 1160 1559 einander
1170 1528 1246 1560 Ter.
1265 1528 1327 1559 Ad.
1346 1528 1378 1568 3,
1397 1528 1427 1570 2,
1443 1529 1487 1561 46
1498 1539 1558 1573 pe-

887 1575 956 1605 iore
971 1583 1024 1605 res
1040 1573 1107 1605 loco
1123 1582 1190 1604 non
1199 1575 1288 1616 potis
1299 1576 1351 1605 est
1362 1584 1442 1613 esse,
1459 1584 1560 1617 qnam

889 1621 923 1650 ιή
940 1629 1002 1660 quo
1018 1629 1106 1650 nunc
1128 1620 1194 1650 sita
1215 1621 1285 1659 est,
1318 1628 1370 1650 wo
1399 1619 1557 1652 iudessen

889 1664 947 1695 das
967 1663 1069 1696 Wort
1084 1666 1154 1696 sita
1171 1674 1234 1696 von
1252 1663 1399 1696 Einssuss
1416 1665 1472 1698 ist.

933 1720 964 1752 6.
981 1723 1134 1763 egestas:
1146 1721 1205 1752 mit
1219 1721 1290 1753 dem
1300 1721 1459 1763 objectiv.
1476 1720 1558 1755 Gen.

889 1766 955 1798 wie
972 1765 1038 1806 lug.
1061 1767 1115 1806 44,
1132 1767 1162 1798 4.

934 1823 965 1855 9.
993 1824 1173 1855 vincimus:
1203 1822 1268 1855 Das
1299 1822 1412 1855 Praes.
1442 1834 1559 1865 wegeu
1589 1844 1595 1849 -

890 1869 948 1900 des
965 1868 1149 1909 gleichsam
1167 1869 1268 1901 sehon
1285 1869 1559 1911 gegenwfirtigen

891 1912 1047 1956 Kampses
1065 1914 1130 1945 und
1149 1923 1264 1954 wegen
1289 1915 1350 1946 der
1375 1925 1559 1956 vor-ausge-

890 1963 1019 1991 setzten
1039 1958 1245 1991 Gewissheit
1265 1959 1322 1992 des
1346 1959 1480 2001 Sieges3
1503 1960 1560 1992 da-

888 2014 993 2046 gegen
1013 2005 1157 2036 nachher
1173 2006 1384 2037 cesserimus.

933 2064 1157 2093 commeatus:
1173 2061 1317 2099 Nomia,
1336 2072 1377 2093 zu
1394 2053 1560 2103 ergfiuzefi

890 2109 968 2148 erit,
989 2107 1053 2138 wie
1073 2107 1126 2147 21,
1148 2108 1183 2147 13
1217 2107 1284 2147 vgl.
1316 2108 1401 2139 auch
1418 2106 1485 2148 lug.
1502 2108 1559 2148 43,

890 2154 909 2184 3
927 2155 1156 2184 commeatum
1171 2151 1329 2194 adfatim.

940 2207 990 2238 11.
1028 2216 1326 2249 supervacaneum:
1355 2206 1421 2238 wie
1445 2207 1559 2246 51,19

892 2252 1128 2293 „iiberssiissig,
1146 2252 1349 2292 unniithig“;
1369 2252 1428 2284 das
1447 2250 1560 2284 Ganze

893 2298 939 2330 ist
957 2308 992 2330 so
1011 2297 1079 2328 viel
1101 2298 1152 2329 als
1181 2297 1248 2329 illis
1276 2307 1560 2340 supervacaneum

892 2345 941 2374 est
968 2352 1121 2386 pugnare
1134 2367 1142 2382 ‚
1171 2352 1245 2374 cum
1275 2342 1311 2374 id
1335 2342 1470 2384 facturi
1493 2352 1561 2375 non

893 2389 961 2419 sint
987 2389 1057 2420 nisi
1080 2397 1143 2431 pro
1176 2389 1330 2430 potentia
1355 2397 1561 2431 paucorum;

893 2434 988 2465 darin
1014 2434 1096 2473 liegt
1124 2432 1196 2474 „sie
1229 2433 1362 2464 werden
1396 2433 1488 2474 also,
1517 2432 1559 2465 da

893 2479 990 2510 ihnen
1009 2478 1066 2509 das
1084 2477 1252 2510 Interesse
1270 2477 1370 2519 fehlt,
1394 2478 1487 2510 nicht
1504 2478 1560 2510 be-

893 2523 1033 2556 sonders
1059 2521 1158 2563 eifrig
1181 2522 1367 2565 kampfen“.
1417 2521 1487 2555 Ans
1506 2523 1560 2555 die

894 2569 1067 2601 schwache
1088 2567 1179 2601 Seite
1207 2569 1265 2600 des
1295 2567 1445 2609 Gegners
1473 2568 1560 2601 wird
