1720 2875
169 1144 245 1180 108

217 1431 235 1461 Ῐῦ

260 135 340 174 212

744 132 778 165 C.
808 132 1017 166 SALLUSTI
1041 132 1173 165 CRISPI

260 237 332 276 sibi
348 236 386 274 in
404 236 553 287 proelio
571 235 703 274 minus
720 235 995 286 pepercissent,
1013 241 1121 274 tanto
1139 235 1304 274 tutiores
1319 236 1417 281 fore,
1435 234 1507 275 nec
1524 248 1662 288 quem-

260 305 377 344 quam
400 293 552 336 decere,
573 293 637 343 qui
660 304 799 331 manus
817 293 1034 338 armaverit,
1056 292 1104 330 ab
1119 292 1282 330 inermis
1299 292 1461 343 pedibus
1477 292 1662 332 auxilium

260 355 407 400 petere,
427 349 470 387 in
487 360 670 387 maxumo
688 354 796 387 metu
813 349 963 387 nudum
981 354 1020 387 et
1036 361 1193 387 caecum
1211 361 1353 399 corpus
1370 349 1414 387 ad
1433 349 1556 388 hostis
1575 361 1666 388 vor-

215 414 232 445 2
258 412 352 443 tere.
385 405 483 443 Dein
505 405 701 449 Volucem‚
724 405 908 455 quoniam
934 405 1086 444 hostilia
1109 407 1265 450 faceret,
1288 405 1418 444 lovem
1437 417 1663 444 maxumum

258 462 494 508 obtestatus,
525 466 566 500 ut
594 462 752 500 sceleris
783 467 902 512 atque
923 462 1106 512 perfidiae
1128 461 1269 500 Bocchi
1296 461 1408 500 testis
1430 461 1595 506 adesset,
1619 474 1663 500 ex

215 530 233 559 3
259 519 397 557 castris
419 518 526 557 abire
548 517 665 556 iubet.
696 518 765 556 llle
794 518 1015 556 lacrumans
1036 530 1166 563 orare,
1199 530 1248 556 ne
1271 531 1314 556 ea
1343 518 1540 556 crederet:
1571 517 1664 556 nihil

258 574 347 613 dolo
369 575 529 619 sactum,
550 587 594 613 ac
614 574 736 624 magis
758 574 965 612 calliditate
986 574 1206 624 Iugurthae,
1237 575 1299 613 cui
1321 574 1500 613 videlicet
1525 586 1665 625 specu-

213 641 232 671 4
258 631 354 669 lanti
376 631 451 669 iter
469 643 586 669 suum
608 631 808 680 cognitum
827 634 947 675 esset,
969 637 1152 676 ceterum,
1176 631 1358 681 quoniam
1378 643 1506 681 neque
1526 630 1665 680 ingen-

258 693 338 726 tem
356 686 833 731 multitudinemhaberet,
850 692 888 725 et
905 699 996 738 spes
1013 699 1185 737 opesque
1204 687 1286 726 eius
1295 699 1339 726 ex
1351 694 1459 738 patre
1477 700 1547 726 suo
1565 698 1663 738 pen—

261 745 413 788 derent,
434 744 595 782 credere
617 744 722 782 illum
745 743 841 782 nihil
862 744 988 794 palam
1004 755 1207 788 ausurum,
1230 756 1317 782 cum
1336 744 1419 794 ipse
1435 744 1536 782 lilius
1553 743 1664 782 testis

216 814 234 844 5
261 801 434 845 adesset,
457 812 533 851 qua
554 813 597 839 re
614 804 820 851 optumum
842 800 949 838 factu
970 799 1091 838 videri
1108 812 1178 850 per
1200 800 1326 838 media
1349 800 1434 839 eius
1455 805 1578 839 castra
1595 813 1665 851 pa-

261 858 337 896 lam
361 857 547 901 transire3
569 869 668 902 sese,
692 856 749 895 vel
771 856 996 908 praemissis
1017 857 1075 895 vel
1098 856 1240 895 ibidem
1260 856 1405 895 relictis
1421 855 1577 900 Mauris,
1600 869 1666 895 so—

214 926 233 955 ‹⁶›
258 914 341 953 lum
363 925 450 952 cum
475 913 579 952 Sulla
599 913 761 952 iturum.
792 913 844 951 Ea
861 926 923 952 res
942 913 996 952 uti
1014 913 1052 951 in
1071 913 1135 951 tali
1152 913 1309 962 negotio
1321 913 1502 964 p1·0bata;
1523 925 1568 952 ac
1586 917 1668 952 sta-

259 970 329 1009 tim
346 969 523 1021 profecti,
545 970 635 1020 quia
652 970 700 1008 de
715 970 916 1020 inproviso
933 969 1166 1013 acciderant,
1184 969 1301 1007 dubio
1315 976 1433 1020 atque
1448 969 1666 1008 haesitante

216 1037 233 1066 τ
262 1026 446 1077 Iugurtha
467 1026 683 1065 incolumes
706 1032 923 1064 transeunt.
955 1025 1101 1064 Deinde
1123 1026 1254 1076 paucis
1272 1026 1410 1064 diebus
1431 1037 1508 1076 quo
1526 1025 1583 1064 ire
1604 1025 1669 1064 in-

264 1083 475 1122 tenderant
494 1088 724 1133 perventum
747 1088 818 1121 est.

380 1139 436 1177 lbi
457 1151 548 1178 cum
568 1138 722 1178 Boccho
744 1138 911 1177 Numida
936 1137 1096 1189 quidam
1117 1138 1238 1188 Aspar
1259 1139 1420 1177 nomine
1440 1139 1609 1177 multum
1630 1143 1668 1177 et

262 1195 503 1235 familiariter
530 1195 683 1245 agebat,
711 1194 952 1246 praemissus
979 1194 1026 1233 ab
1048 1195 1251 1245 Iugurtha,
1283 1199 1492 1246 postquam
1520 1195 1665 1234 Sullam

264 1252 430 1292 accitum
451 1251 640 1297 audierat,
662 1257 793 1290 orator
811 1257 850 1290 et
870 1251 1033 1290 subdole
1055 1252 1294 1302 speculatum
1320 1251 1460 1290 Bocchi
1488 1251 1669 1294 consilia:

264 1313 465 1360 praeterea
482 1308 606 1347 Dabar
622 1308 892 1359 Massugradae
910 1308 1022 1353 filius,
1041 1320 1086 1346 ex
1103 1314 1220 1359 gente
1236 1307 1477 1354 Masinissae,
1495 1313 1670 1348 ceterum

264 1370 439 1404 materno
457 1377 599 1416 genere
619 1365 810 1416 impar—
822 1376 912 1403 nam
934 1370 1045 1416 pater
1060 1364 1143 1402 eius
1164 1377 1211 1402 ex
1228 1364 1443 1404 concubina
1460 1371 1570 1403 ortus
1587 1370 1671 1403 erat

263 1422 458 1461 —Mauro
482 1421 531 1460 ob
554 1422 685 1472 ingeni
708 1422 825 1460 multa
847 1422 951 1460 bona
972 1433 1083 1460 carus
1105 1427 1376 1472 acceptusque.
1423 1421 1549 1468 Quem
1570 1421 1671 1459 Boc-

264 1543 452 1577 Thatsache
469 1544 577 1577 selbst
593 1545 658 1577 und
676 1545 729 1576 ihr
740 1544 858 1586 Erfolg
875 1543 931 1576 fiir

265 1591 320 1623 die
362 1588 588 1632 I‘iiimpfenden
630 1591 680 1622 als
722 1591 931 1632 llauptsache

264 1646 337 1667 zum
366 1635 504 1676 Subject
534 1637 687 1676 gemacht
717 1636 817 1675 wird3
848 1635 932 1667 doch

265 1681 311 1713 ist
340 1681 416 1721 das,
452 1691 522 1713 was
551 1681 610 1713 der
638 1681 823 1713 activische
853 1679 932 1713 Satz

265 1730 351 1767 sagt,
367 1737 432 1759 von
452 1727 558 1758 selbst
574 1726 639 1757 und
659 1726 853 1758 wesentlich
871 1726 933 1758 mit

266 1771 360 1803 darin
379 1771 562 1804 euthalten.
596 1772 752 1804 Gleiches
778 1772 842 1813 gilt
867 1782 931 1803 von

267 1816 339 1849 dem
362 1816 515 1858 hiiufigen
551 1817 646 1855 (auch
674 1817 747 1848 hier
777 1818 797 1858 ᾗ
816 1817 848 1856 3)
878 1827 931 1848 co-

262 1863 411 1903 gnitum,
437 1864 643 1905 compertum
659 1861 792 1904 aliquid
806 1864 852 1893 est
869 1861 932 1893 αΙί-

266 1917 330 1939 cuz.

312 1955 436 1993 quanto
473 1956 537 1983 etc.
579 1951 646 1991 vgl.
684 1952 755 1983 Cat.
789 1952 850 1993 58,
894 1952 933 1985 16

267 2008 297 2029 ιι.
320 1997 371 2030 17.

313 2052 435 2074 manus
450 2043 648 2074 armaverit:
673 2042 719 2074 ist
744 2042 819 2075 hier
836 2043 935 2074 nach-

267 2087 504 2120 drucksvoller
528 2087 593 2119 und
615 2087 853 2120 absichtlicher
881 2098 936 2128 ge-

269 2133 419 2175 braucht,
437 2133 487 2164 als
507 2132 564 2164 Or.
584 2132 668 2165 Phil.
690 2133 742 2164 20.

314 2177 442 2210 nudum
467 2180 498 2209 ct
520 2187 655 2210 caecum
683 2188 819 2221 corpus:
849 2178 935 2219 „den

270 2221 402 2265 Kb'rper
417 2223 456 2255 da
475 2234 527 2255 wo
545 2233 582 2254 er
595 2224 815 2264 ungeschiitzt
833 2224 936 2264 (nicht

268 2279 344 2301 vom
362 2268 475 2301 Schild
493 2269 646 2309 gedeckt)
671 2269 736 2300 und
754 2269 846 2301 blind
865 2268 934 2301 ist“

269 2314 299 2346 d.
318 2314 340 2345 i.
360 2314 421 2346 den
441 2313 586 2346 Riicken.
636 2314 729 2347 Ganz
757 2314 823 2346 wie
847 2313 933 2346 Xen.

269 2358 389 2402 Cyrop.
407 2359 438 2399 3,
457 2360 488 2399 3,
505 2361 547 2391 45
563 2356 688 2414 μωρὸν
703 2372 725 2402 y
729 2357 773 2402 ἀρ
792 2355 830 2391 τὸ
848 2371 935 2402 >eoa-

268 2406 344 2437 τεῒν
374 2405 615 2457 βουλομένους
645 2403 686 2436 τὰ
721 2401 838 2456 τιᾳλά
871 2405 934 2436 τοῦ

270 2447 436 2491 σώματος
476 2450 532 2481 καὶ
567 2446 687 2482 αόπλα
720 2452 776 2482 καὶ
808 2445 934 2494 ἄχειρα

269 2495 379 2526 ταῦτα
396 2494 480 2528 ἔνατ
474 2497 539 2526 71oe
557 2491 692 2528 τάττειν
725 2497 800 2532 τοῖς
831 2495 934 2527 πολε-

268 2540 368 2582 μίοις
385 2535 478 2583 ‹sst'y
481 2551 592 2576 ovmg

316 2584 345 2616 3.
371 2595 410 2617 ac
427 2596 556 2627 mag-w:
575 2586 641 2618 Das
659 2586 731 2618 dem
762 2585 849 2617 nihil
863 2590 936 2617 ent-

1004 1545 1206 1586 sprechende
1225 1544 1371 1586 positive
1380 1543 1519 1586 subject
1535 1544 1581 1576 ist
1596 1543 1670 1576 hin-

1003 1590 1236 1629 zuzudenken3
1271 1591 1384 1632 magis
1409 1589 1482 1622 hier
1504 1589 1669 1621 durchaus

1003 1646 1041 1666 so
1058 1635 1128 1667 viel
1146 1635 1210 1666 wie
1223 1637 1349 1678 potius.

1049 1693 1079 1725 6.
1106 1694 1159 1724 uti
1174 1693 1207 1724 in
1225 1692 1288 1724 tali
1303 1693 1454 1734 neg-olio:
1471 1692 1501 1723 d.
1520 1691 1542 1722 i.
1561 1692 1594 1723 in
1612 1691 1672 1723 Be-

1004 1738 1116 1769 tracht
1133 1737 1214 1769 oder
1231 1738 1314 1768 nach
1331 1737 1500 1777 Mass-gabe
1519 1736 1575 1768 des
1594 1735 1672 1768 Um-

1005 1783 1150 1823 stawles,
1179 1783 1256 1814 dass
1274 1783 1348 1814 eine
1365 1782 1480 1814 solche
1497 1781 1673 1813 schwieri—

1005 1837 1044 1868 ge
1065 1827 1154 1868 Lago
1187 1827 1299 1867 (niiml.
1327 1827 1401 1859 eine
1419 1827 1542 1865 solche,
1566 1827 1671 1859 worin

1005 1883 1078 1904 man
1120 1873 1228 1904 nichts
1270 1874 1428 1904 Besseres
1469 1882 1510 1903 zu
1543 1872 1672 1904 wiihlen

1005 1918 1109 1958 hatte)
1130 1919 1320 1950 vorhandeu
1338 1928 1421 1949 war.
1465 1917 1558 1949 Denn
1590 1917 1672 1949 ohne

1008 1964 1101 1995 diese
1155 1963 1404 2004 Vergleichung
1450 1963 1674 2001 auzustellen,

1007 2008 1102 2040 h'zitte
1132 2019 1205 2040 man
1235 2008 1287 2040 die
1321 2008 1603 2049 vorgeschlageue
1631 2018 1672 2040 an

1009 2054 1080 2086 sich
1117 2055 1195 2085 sehr
1243 2053 1459 2085 bedeukliche
1492 2052 1673 2094 Massregel

1011 2099 1102 2130 nicht
1142 2099 1344 2131 annehmbar
1383 2098 1490 2130 finden
1523 2097 1670 2136 ko‘nnent,

1009 2147 1089 2176 aber
1101 2149 1198 2176 uuter
1209 2144 1268 2175 den
1279 2141 1672 2185 gegebenenUmst'zinden

1010 2190 1094 2229 (also
1113 2189 1249 2227 relativ)
1268 2199 1340 2221 war
1356 2189 1406 2220 sie
1424 2188 1479 2220 die
1510 2188 1612 2221 beste.
1629 2207 1672 2212 -—

1009 2237 1141 2277 negotio
1160 2234 1222 2267 wie
1241 2234 1312 2266 Cat.
1331 2235 1385 2274 29,
1404 2233 1442 2271 23
1460 2233 1528 2274 lug.
1546 2234 1578 2274 6,
1597 2233 1626 2265 2.

1052 2291 1263 2324 acciderant:
1282 2301 1322 2322 zu
1341 2291 1394 2330 88,
1413 2291 1443 2322 6.

1056 2341 1148 2379 108.
1181 2348 1207 2379 1.
1236 2350 1367 2379 orator:
1403 2347 1471 2380 Der
1498 2346 1674 2389 Sprecher,

1009 2391 1231 2425 &Vortfiihrer
1269 2393 1364 2425 einer
1402 2391 1669 2432 Gesandtschaft,

1007 2439 1092 2470 daun
1110 2438 1170 2469 der
1187 2437 1356 2471 Gesaudte
1373 2438 1569 2480 iiberhaupt.

1053 2504 1098 2525 est
1110 2496 1214 2535 gente
1223 2493 1436 2526 Masinissae:
1456 2493 1674 2536 Massugrada

1008 2550 1080 2570 war
1096 2539 1215 2570 hiichst
1227 2539 1506 2572 wahrscheinlich
1522 2540 1574 2571 ein
1585 2539 1672 2572 Sohu

1010 2586 1066 2616 des
1084 2584 1273 2616 Masinissa.
