1720 2875
454 167 456 170 .
491 123 546 156 DE
571 123 710 156 BELLO
737 123 939 157 lUGURTH.
979 125 1016 156 C.
1043 124 1185 157 78—80.
1441 126 1522 164 179

107 223 254 264 tardius
282 223 375 263 iere.
428 225 468 263 ld
496 224 722 264 socordiane
750 236 800 263 an
830 237 921 263 casu
950 225 1149 268 acciderit,
1176 237 1316 275 parum
1345 226 1524 275 cognovi.

108 281 292 319 Ceterum
322 281 421 318 solet
449 280 491 318 in
518 280 590 318 illis
618 280 710 318 locis
732 285 943 331 tempestas
966 281 1068 319 haud
1091 293 1204 319 secus
1226 287 1342 332 atque
1363 282 1404 319 in
1426 281 1523 320 mari
1552 291 1570 321 6

104 335 291 375 retinere.
332 336 432 374 Nam
454 336 522 374 ubi
544 347 612 386 per
634 337 714 374 loca
736 337 908 388 aequalia
926 342 964 374 et
986 337 1088 374 nuda
1110 338 1356 387 gignentium
1379 343 1521 376 ventus

107 396 266 430 coortus
288 392 473 430 harenam
494 392 614 429 humo
637 392 826 437 excitavit,
851 405 894 431 ea
915 403 1054 441 magna
1076 393 1112 430 vi
1129 393 1266 442 agitata
1284 405 1349 432 ora
1367 394 1524 432 oculos-

108 459 184 498 que
204 447 355 498 inplere
376 448 493 492 solet3
513 447 566 485 ita
586 454 796 498 prospectu
817 448 1004 498 impedito
1030 448 1175 487 morari
1190 449 1275 487 iter.
1307 449 1523 500 Postquam
1551 458 1567 487 7

109 503 353 553 Cyrenenses
381 503 578 554 aliquanto
605 504 840 553 posteriores
867 516 910 542 se
941 516 1027 542 esse
1050 504 1181 543 vident
1203 510 1240 542 et
1261 505 1309 542 ob
1331 517 1415 543 rem
1438 517 1525 543 cor—

106 564 265 609 ruptam
296 558 401 596 domi
428 570 576 609 poenas
603 565 809 604 metuunt,
845 560 1042 599 criminari
1071 560 1402 610 Carthaginiensis
1435 567 1523 600 ante

108 619 263 665 tempus
285 614 402 652 domo
425 614 642 664 digressos,
670 616 903 655 conturbare
932 627 1036 662 rem,
1068 616 1238 666 denique
1259 617 1389 655 omnia
1412 617 1524 655 malle

108 682 228 721 quam
256 670 345 708 victi
373 669 490 708 abire.
541 670 617 709 Sed
645 683 735 709 cum
758 672 878 710 Poeni
907 672 1020 711 aliam
1048 672 1339 716 condicionem,
1370 678 1524 710 tantum
1552 678 1569 709 8

108 726 227 764 modo
249 737 433 776 aequam,
456 731 656 776 peterent,
687 727 820 766 Graeci
842 729 1042 778 optionem
1066 728 1442 777 Carthaginiensium
1466 731 1524 767 fa-

108 782 229 827 ciunt,
252 788 295 820 ut
316 781 377 820 vel
396 781 462 825 illi,
487 795 585 833 quos
606 783 693 821 finis
715 784 858 833 populo
880 797 952 822 suo
975 790 1173 833 peterent,
1205 784 1257 822 ibi
1279 784 1353 822 vivi
1375 784 1520 822 obrue-

108 843 258 883 rentur,
281 837 338 876 vel
362 838 496 876 eadem
519 838 748 877 condicione
769 852 866 884 sese,
890 852 1008 891 quem
1030 840 1071 877 in
1092 840 1221 879 locum
1246 840 1398 883 vellent,
1422 852 1521 890 pro-

106 905 299 932 cessuros.
341 893 515 932 Philaeni
535 894 768 933 condicione
790 896 950 946 probata
972 908 1091 946 seque
1114 895 1311 945 vitamque
1333 907 1446 933 suam
1467 896 1524 933 rei
1550 902 1568 932 9

107 949 283 1000 publicae
305 949 594 988 condonavere:
618 950 670 989 ita
694 951 765 988 vivi
786 951 927 989 obruti.
960 951 1298 1001 Carthaginienses
1319 950 1360 988 in
1377 964 1422 988 eo
1437 951 1522 989 loco
1554 958 1591 989 10

109 1005 304 1044 Philaenis
326 1005 510 1044 fratribus
532 1017 616 1044 aras
639 1019 938 1053 consecravere,
970 1007 1110 1058 aliique
1131 1006 1333 1045 illisdomi
1353 1006 1524 1045 honores

109 1062 295 1100 instituti.
336 1061 449 1100 Nunc
470 1061 518 1100 ad
538 1073 623 1100 rem
645 1063 774 1100 redeo.

225 1118 428 1167 Iugurtha,
451 1123 659 1169 postquam
679 1118 819 1158 amissa
840 1119 957 1158 Thala
979 1118 1078 1157 nihil
1099 1118 1192 1157 satis
1213 1118 1370 1156 firmum
1391 1123 1525 1156 contra
1546 1125 1599 1160 80

110 1173 309 1212 Metellum
340 1179 469 1224 putat,
496 1185 567 1224 per
594 1185 755 1224 magnas
785 1175 1015 1213 solitudines
1047 1187 1133 1213 cum
1162 1174 1295 1225 paucis
1322 1175 1524 1224 profectus

109 1230 287 1281 pervenit
308 1230 355 1268 ad
377 1229 579 1277 Gaetulos,
600 1242 723 1280 genus
744 1231 951 1269 hominum
972 1233 1101 1269 ferum
1122 1230 1393 1281 incultumque
1416 1236 1455 1268 et
1476 1242 1523 1269 eo

108 1292 290 1336 tempore
325 1286 505 1337 ignarum
538 1285 708 1324 nominis
743 1287 921 1325 Romani.
977 1286 1126 1325 Eorum
1158 1286 1452 1325 multitudinem
1482 1286 1524 1324 in
1551 1296 1568 1326 2

108 1354 234 1380 unum
256 1342 358 1392 cogit
379 1354 423 1380 ac
443 1342 630 1393 paulatim
653 1342 892 1381 consuefacit
912 1343 1071 1381 ordines
1088 1342 1240 1387 habere,
1265 1342 1375 1392 signa
1397 1341 1523 1393 sequi,

109 1397 321 1449 imperium
344 1399 568 1444 observare,
596 1398 691 1436 item
714 1398 784 1437 alia
806 1398 987 1437 militaria
1007 1399 1146 1437 facere.
1189 1399 1397 1437 Praeterea
1418 1398 1525 1448 regis
1553 1408 1571 1439 3

109 1453 252 1493 Bocchi
280 1466 494 1505 proxumos
522 1455 674 1505 magnis
703 1454 931 1493 muneribus
961 1460 997 1493 et
1019 1454 1230 1493 maioribus
1251 1453 1457 1504 promissis
1479 1454 1525 1493 ad

109 1509 288 1549 studium
309 1511 369 1549 sui
389 1509 590 1561 perducit3
613 1510 700 1561 quis
721 1511 963 1549 adiutoribus
979 1523 1110 1561 regem
1135 1522 1339 1560 aggressus
1363 1509 1526 1560 inpellit,

110 1566 168 1606 uti
189 1567 376 1605 advorsus
400 1567 595 1605 Romanos
616 1566 762 1605 bellum
784 1566 957 1617 incipiat.
999 1567 1041 1604 Id
1063 1579 1106 1605 ea
1126 1567 1246 1616 gratia
1263 1566 1411 1604 facilius
1429 1578 1524 1616 pro-
1551 1576 1570 1606 4

111 1623 281 1674 niusque
308 1624 400 1669 fuit,
435 1623 540 1672 quod
560 1622 736 1661 Bocchus
766 1622 878 1661 initio
901 1622 1062 1661 huiusce
1085 1622 1173 1660 belli
1194 1623 1336 1672 legatos
1358 1622 1524 1660 Romam

111 1679 269 1718 miserat
289 1679 429 1718 foedus
457 1683 496 1716 et
518 1679 725 1718 amicitiam
753 1678 938 1729 petitum,
967 1691 1085 1729 quam
1106 1690 1188 1716 rem
1213 1678 1516 1728 opportunissu-
1549 1690 1566 1719 5

852 1769 954 1801 Wahl
985 1768 1017 1799 in
1045 1768 1099 1799 die
1129 1768 1242 1799 H'ande
1274 1768 1335 1799 der
1371 1766 1521 1799 Kartha-

875 1824 920 1845 er.

851 1824 871 1855 g
895 1868 976 1899 quos
992 1857 1090 1900 finis:
1107 1856 1167 1889 auf
1178 1858 1228 1888 ibi
1241 1873 1255 1884 =
1273 1860 1308 1889 in
1327 1859 1377 1889 eis
1399 1868 1440 1888 zu
1468 1857 1524 1888 be-

158 1768 189 1800 6.
213 1770 376 1801 retinere:
405 1768 471 1800 Das
487 1766 574 1811 LObj.
606 1768 710 1800 leicht
738 1779 779 1799 zu

109 1813 296 1855 suppliren.
675 1814 677 1816 ’

154 1860 377 1900 gignentium
392 1869 403 1889 .·
452 1858 646 1890 bezeichnet
693 1858 778 1898 hier,

111 1903 179 1934 wie
198 1903 251 1943 93,
277 1904 308 1944 4,
337 1903 403 1934 und
434 1904 518 1934 auch
549 1902 604 1935 bei
634 1903 779 1935 anderen

112 1947 381 1979 Schriftstellern
420 1947 487 1979 alle
528 1948 774 1987 Vegetabilien‚

112 1992 166 2024 als
181 1991 509 2035 „Keimtreibende“‚
527 1992 598 2024 also
613 1992 795 2032 Pssanzen,-

116 2037 248 2069 B‘aume.

162 2083 193 2114 7.
233 2082 421 2124 aliquanto:
458 2082 527 2114 Der
557 2081 779 2115 Unterschied

115 2127 383 2166 warallerdings
392 2127 599 2158 anselmlich.
618 2126 684 2158 Der
693 2126 782 2166 Weg

116 2182 183 2204 von
210 2171 394 2203 Philaenon
416 2172 504 2202 Arae
537 2171 589 2203 bis
612 2171 783 2212 Karthago

115 2216 249 2257 hetragt
267 2216 423 2256 beil'aiufig
443 2217 506 2248 180
520 2226 633 2256 geogr.
647 2216 784 2256 Meilen‚

115 2261 200 2293 nach
218 2260 348 2303 Cyrene
364 2271 469 2301 gegen
495 2262 536 2293 80
555 2271 667 2302 geogr.
688 2260 779 2292 Meil.

161 2306 378 2338 conturbare.-
407 2306 464 2338 Sie
488 2307 647 2338 brachten
676 2305 781 2336 durch

115 2349 292 2382 Einwiirfe
325 2350 389 2381 und
408 2350 618 2382 Z‘ankereien
650 2350 704 2381 die
721 2350 780 2381 Sa-

117 2396 177 2426 che
210 2405 246 2427 so
279 2395 312 2426 in
331 2394 560 2436 Vcrwirruug,
595 2396 670 2426 dass
706 2395 780 2426 eine

117 2439 370 2479 Entscheidung
386 2441 576 2480 unmoglich
593 2440 719 2471 wurde.

163 2485 193 2516 8.
252 2483 600 2526 Carthaginiensium:
662 2484 780 2516 Genet.

116 2538 262 2571 possess.
281 2539 322 2560 zu
338 2529 480 2570 faciunt.
513 2530 570 2562 Sie
588 2531 701 2570 legten
726 2529 781 2560 die

853 1903 981 1935 ziehen.
1064 1922 1067 1925 ·

897 1943 961 1980 80.
992 1949 1019 1979 1.
1047 1945 1218 1979 Gaetulos:
1241 1947 1290 1985 18,
1317 1948 1349 1978 9.

899 1993 929 2024 3.
944 2001 1154 2035 proaeumos:
1181 1992 1252 2023 Cat.
1274 1992 1324 2031 14,
1343 1992 1376 2023 3.

900 2038 930 2068 4.
955 2036 1009 2068 id:
1040 2036 1099 2068 das
1128 2036 1323 2076 Antreiben,
1357 2035 1522 2068 Ueberre-

854 2083 928 2113 den.
977 2091 1016 2112 ea
1028 2082 1165 2122 gratia.-
1183 2091 1224 2111 zu
1242 2082 1294 2120 54,
1315 2081 1345 2111 4.

896 2128 1055 2169 pronius:
1071 2136 1137 2157 von
1156 2125 1373 2166 Haudluugeu
1390 2130 1519 2166 gesagt.

856 2171 908 2203 die
927 2171 999 2202 sich
1012 2171 1084 2201 dem
1103 2169 1241 2210 Erfolge
1258 2170 1430 2210 zuneigen‚
1449 2169 1521 2201 sich

856 2227 922 2247 von
940 2215 1048 2247 selbst
1065 2216 1219 2253 machen3
1237 2215 1304 2255 vgl.
1327 2216 1401 2254 114,
1421 2215 1449 2246 2.

903 2260 991 2302 quod
1006 2265 1068 2292 etc.
1102 2259 1168 2290 Der
1188 2260 1386 2300 eigentliche
1406 2257 1520 2290 Grund

853 2304 940 2345 folgt
964 2310 1035 2336 erst
1060 2305 1102 2335 im
1126 2304 1317 2336 Nebensatz
1341 2314 1440 2345 quam
1460 2328 1467 2335 .
1485 2328 1492 2335 .
1514 2328 1521 2335 .

853 2349 1105 2393 impediverant,
1131 2349 1182 2380 als
1208 2359 1303 2380 wenn
1327 2349 1384 2380 das
1410 2348 1523 2381 Ganze

853 2395 888 2426 in
907 2403 1049 2433 engerer
1063 2394 1279 2433 Verbinduug
1293 2394 1403 2425 hiesse
1421 2393 1518 2435 qaod,

853 2450 930 2471 cum
950 2439 1096 2470 Bocchus
1113 2462 1120 2468 .
1140 2464 1147 2469 .
1167 2463 1173 2469 .
1192 2439 1319 2479 legatos
1339 2438 1430 2470 Hom.
1449 2440 1516 2469 mi-

853 2485 952 2515 sisset
971 2507 976 2513 .
1006 2507 1013 2514 .
1033 2507 1040 2514 .
1058 2484 1242 2515 amicitiam
1268 2485 1417 2525 petitum,
1445 2493 1517 2514 eam

855 2539 925 2561 rem
942 2552 948 2559 .
970 2553 976 2559 .
996 2553 1003 2560 .
1019 2529 1123 2570 pauci
1135 2527 1381 2571 impediverant
1398 2532 1460 2559 etc.

1300 2586 1357 2617 12*
