1720 2875
161 655 214 691 63

230 158 311 198 164

720 152 755 185 C.
781 150 990 185 SALLL'STI
1014 150 1148 184 CRISPI

229 265 352 303 retur,
373 269 510 297 rursus
531 256 659 307 coepit
679 256 832 294 flectere
854 254 1028 294 animum
1052 266 1167 293 suum
1191 258 1229 293 et
1250 267 1296 293 ex
1318 255 1416 293 mala
1434 254 1646 294 conscien-

185 326 205 358 9
230 316 280 354 tia
305 316 418 366 digna
438 314 590 352 timere.
631 312 808 363 Denique
829 312 960 350 multis
981 311 1118 350 diebus
1145 323 1216 362 per
1241 309 1524 350 dubitationem
1546 322 1643 350 con-

231 371 419 422 sumptis,
448 382 536 408 eum
566 369 682 407 modo
711 369 836 407 taedio
865 380 997 407 rerum
1027 368 1279 407 advorsarum
1301 367 1429 406 omnia
1449 367 1549 406 bello
1570 380 1644 419 po-

231 429 330 467 tiora
353 427 527 469 duceret,
549 425 749 464 interdum
772 437 905 463 secum
924 425 1008 476 ipse
1025 428 1234 476 reputaret,
1253 435 1368 474 quam
1388 424 1515 474 gravis
1532 436 1643 463 casus

232 485 273 523 in
296 483 496 522 servitium
520 495 565 521 ex
582 493 703 533 regno
725 482 837 525 foret,
861 481 994 520 multis
1022 481 1251 531 magnisque
1280 480 1479 531 praesidiis
1503 480 1644 531 nequi-

168 549 208 581 10
235 553 349 593 quam
380 539 543 591 perditis
577 539 624 577 de
651 539 802 589 integro
831 537 976 576 bellum
999 538 1133 576 sumit.
1177 537 1224 575 Et.
1245 537 1393 575 Romae
1416 542 1576 575 senatus
1597 536 1646 575 de

234 596 445 649 provinciis
467 596 671 634 consultus
693 594 914 633 Numidiam
937 593 1090 632 Metello
1114 594 1349 632 decreverat.

349 653 424 691 Per
446 652 549 690 idem
572 657 729 702 tempus
751 650 884 690 Uticae
905 650 1006 689 forte
1029 650 1068 689 C.
1085 649 1205 688 Mario
1228 662 1296 701 per
1314 649 1461 688 hostias
1478 649 1536 688 dis
1553 660 1648 699 sup-

233 710 392 762 plicanti
416 721 555 759 magna
578 714 694 759 atque
724 707 912 746 mirabilia
936 706 1117 758 portendi
1138 706 1332 757 haruspex
1353 706 1520 745 dixerat:
1552 716 1652 756 pro-

236 767 326 805 inde
349 778 448 817 quae
469 765 600 803 animo
624 763 790 815 agitabat
811 764 936 802 fretus
957 763 1015 801 dis
1036 768 1178 813 ageret,
1201 763 1400 801 fortunam
1424 774 1542 813 quam
1559 774 1648 800 sae-

190 832 209 863 2
237 823 415 875 pissume
443 821 708 872 experiretur:
737 826 875 859 cuncta
904 832 1091 871 prospere
1121 825 1318 858 eventura.
1366 819 1415 856 At
1442 819 1549 857 illum
1571 817 1647 856 iam

239 886 353 919 antea
375 878 602 917 consulatus
623 878 760 928 ingens
783 877 924 928 cupido
947 876 1174 927 exagitabat,
1203 876 1249 914 ad
1273 887 1388 925 quem
1411 873 1646 925 capiundum

238 942 395 988 praeter
415 940 650 974 vetustatem
673 934 841 972 familiae
861 934 932 972 alia
955 933 1083 972 omnia
1115 932 1270 970 abunde
1302 937 1428 977 erant,
1456 930 1649 970 industria

239 992 424 1045 probitas,
447 991 603 1030 militiae
624 1003 763 1041 magna
787 990 965 1033 scientia,
988 990 1144 1027 animus
1165 988 1254 1027 belli
1276 989 1412 1039 ingens
1434 987 1538 1027 domi
1561 1000 1649 1026 mo-

241 1049 364 1093 dicus,
386 1048 572 1087 lubidinis
595 1053 632 1086 et
653 1047 872 1085 divitiarum
890 1047 1022 1090 victor,
1040 1051 1193 1083 tantum
1212 1045 1327 1083 modo
1340 1044 1485 1101 'loriae
1503 1044 1651 1082 avidus.

355 1105 429 1144 Sed
453 1104 485 1142 is
507 1109 622 1143 natus
644 1110 682 1142 et
703 1114 859 1142 omnem
883 1102 1092 1154 pueritiam
1109 1100 1247 1152 Arpini
1265 1102 1378 1146 altus,
1396 1100 1462 1139 ubi
1480 1101 1652 1151 primum

238 1167 342 1201 aetas
360 1161 521 1199 militiae
536 1160 691 1211 patiens
708 1160 791 1202 suit,
811 1158 1015 1210 stipendiis
1033 1158 1237 1201 faciundis,
1257 1169 1335 1196 non
1350 1158 1494 1196 Gra‘eca
1513 1157 1652 1196 sacun-

238 1219 299 1258 dia
322 1230 451 1269 neque
472 1216 632 1255 urbanis
654 1216 858 1255 munditiis
879 1228 964 1254 sese
986 1214 1174 1254 exercuit:
1203 1214 1254 1252 ita
1282 1214 1384 1252 inter
1414 1213 1508 1252 artis
1528 1213 1655 1252 bonas

194 1282 214 1313 4
240 1275 439 1325 integrum
461 1273 664 1324 ingenium
681 1272 789 1311 brevi
805 1272 982 1311 adolevit.
1014 1272 1114 1322 Ergo
1131 1271 1198 1309 ubi
1217 1270 1388 1322 primum
1408 1270 1650 1309 tribunatum

240 1331 446 1370 militarem
470 1343 489 1368 a
511 1331 655 1381 populo
677 1330 785 1380 petit.
808 1328 1004 1380 plerisque
1025 1329 1163 1367 faciem
1187 1328 1269 1366 eius
1287 1327 1573 1378 ignorantibus,
1595 1326 1654 1365 fa-

194 1396 214 1427 5
240 1388 310 1427 elle
332 1393 450 1426 notus
471 1399 540 1438 per
561 1386 690 1425 omnis
711 1386 838 1425 tribus
861 1386 1088 1424 declaratur.
1130 1384 1276 1423 Deinde
1299 1384 1345 1422 ab
1363 1396 1407 1422 eo
1427 1383 1654 1434 magistratu

241 1444 374 1489 alium,
397 1449 485 1495 post
506 1443 623 1482 alium
645 1442 719 1481 sibi
739 1442 1151 1494 peperit‚se1npe1·que
1169 1441 1208 1479 in
1224 1440 1485 1492 potestatibus
1503 1452 1549 1478 eo
1568 1451 1654 1478 mo-

291 1535 414 1577 digna:
440 1535 512 1567 Cat.
530 1536 584 1574 51,
603 1534 634 1566 8.

294 1583 346 1613 10.
375 1580 579 1612 decreverat.-
604 1579 783 1620 Metellus,
816 1578 916 1610 schon

247 1628 363 1659 bisher
391 1625 593 1663 proconsul,
625 1625 727 1657 sollte
755 1625 841 1656 auch
874 1623 918 1655 im

248 1673 409 1704 niichsten
429 1671 530 1702 Jahre
549 1671 714 1709 647(107)
734 1670 794 1702 den
814 1669 919 1701 Ober-

249 1716 361 1750 beschl
379 1718 411 1748 in
430 1716 526 1748 Num.
546 1716 712 1748 behalten.

295 1756 365 1794 (53.
394 1765 422 1795 1.
449 1761 560 1794 Murio
579 1766 641 1792 etc.
661 1760 740 1792 wie
759 1760 831 1792 sich
849 1760 921 1791 die-

249 1818 305 1840 ser
344 1807 429 1839 heim
467 1806 575 1838 Heere
611 1806 736 1837 heliebt
770 1806 922 1846 gemacht

248 1855 353 1890 hatte,
389 1852 520 1885 erziihlt
547 1852 706 1883 Plutarch
739 1851 821 1882 Mar.
843 1862 869 1882 c.
890 1851 919 1882 7.

250 1897 415 1931 Dorselbe
432 1901 521 1929 setzt
545 1897 599 1929 die
629 1896 829 1929 Geschichte
861 1896 922 1926 mit

253 1944 325 1976 dem
345 1943 448 1985 Opl'er
466 1947 570 1974 etwas
601 1944 723 1983 spater,
755 1941 806 1972 als
836 1941 920 1973 Mar.

252 1989 337 2021 nach
365 1989 466 2021 sehon
495 1987 688 2019 erhaltener
718 1987 923 2025 Entlassung

251 2035 328 2075 (73,
359 2035 402 2072 2)
433 2034 512 2065 eben
543 2032 624 2064 nach
655 2032 734 2064 Rom
764 2032 923 2071 abs-egeln

251 2080 376 2120 wollte,
408 2090 460 2110 um
487 2078 559 2109 sich
588 2088 639 2108 um
674 2078 732 2109 das
763 2077 924 2108 Consul-‘it

253 2124 308 2157 fiir
325 2125 388 2158 647
407 2124 499 2163 (103)
518 2134 556 2154 zu
576 2123 762 2155 bewerben.

299 2171 328 2202 2.
357 2169 451 2202 belli:
469 2184 490 2195 =
507 2170 542 2200 in
560 2168 657 2208 bello‚·
677 2167 865 2209 Gegensatz
883 2178 924 2198 zu

256 2215 359 2248 domi·

301 2262 330 2293 3.
360 2263 483 2292 natus:
517 2259 660 2291 n‘amlich
678 2260 827 2300 Arpim';
856 2267 925 2289 we-

256 2317 317 2347 gen
333 2308 393 2338 der
408 2304 795 2344 schrcigeuthijmlichen
806 2302 926 2334 &Vort-

257 2352 407 2391 stellung
426 2350 493 2391 vgl
514 2350 566 2390 42,
588 2351 605 2379 3
626 2350 685 2381 mit
702 2349 761 2380 der
779 2352 873 2380 Anni.

301 2398 446 2439 Arpini:
465 2407 506 2427 zu
524 2396 593 2426 Cat.
614 2395 668 2435 31,
685 2396 713 2425 7.
738 2393 830 2425 Nuch
848 2394 926 2424 Plu-

255 2443 350 2474 tarch
373 2442 471 2473 hatte
498 2441 567 2472 sich
601 2440 731 2471 Marius
759 2439 797 2472 ἐν
825 2434 926 2481 κώμῃ

256 2482 501 2530 Κιρραιιῖτωνι
550 2486 612 2526 τῆς
650 2482 812 2529 Ἁρπίιής
856 2484 928 2515 aus-

255 2532 422 2572 gehalten.

300 2579 378 2619 stip.
405 2575 604 2617 faez'mzdis:
639 2580 754 2607 zuerst
788 2575 830 2606 im
869 2585 927 2605 nu-

258 2627 358 2654 mant.
378 2620 507 2662 lii-iege
527 2624 579 2659 <zu
600 2622 629 2656 7.
647 2622 691 2661 2),
710 2631 761 2651 wo
791 2630 828 2650 er
859 2630 928 2651 we-

989 1542 1049 1572 gen
1068 1533 1178 1564 seiner
1199 1536 1357 1571 strengen
1377 1531 1440 1562 und
1454 1531 1574 1562 harteu
1593 1529 1657 1561 Le-

989 1577 1177 1610 bensweise
1207 1578 1279 1608 dem
1308 1576 1422 1617 Scipio
1454 1576 1507 1608 bei
1537 1576 1656 1607 desseu

991 1622 1419 1664 BemiihungdieDisciplin
1438 1621 1565 1653 wieder
1581 1621 1659 1652 her-

992 1668 1158 1700 zustellen
1178 1667 1256 1699 sehr
1272 1667 1499 1699 willkommen
1518 1675 1598 1697 war.

1040 1713 1166 1746 Graeca
1184 1712 1379 1756 facundia:
1407 1713 1475 1753 vgl.
1509 1711 1571 1751 85,
1595 1710 1658 1750 323

994 1770 1034 1790 zu
1053 1758 1123 1790 Cat.
1144 1758 1197 1798 53,
1217 1760 1245 1788 3.

1038 1805 1068 1835 4.
1097 1803 1412 1835 tribunanilitarem
1424 1814 1434 1833 .·
1450 1801 1511 1834 Die
1521 1801 1659 1842 Hriegs—

992 1849 1148 1880 tribunen
1167 1849 1303 1880 wurden
1323 1848 1386 1880 seit
1404 1848 1473 1879 d..l.
1493 1847 1658 1885 3921362)

994 1905 1034 1926 zu
1053 1895 1156 1926 einem
1175 1893 1273 1925 Theil
1289 1904 1362 1925 vom
1375 1892 1483 1926 Volke
1500 1891 1661 1933 geuiihlt.

994 1940 1095 1971 Diese
1118 1938 1246 1970 hiessen
1278 1939 1363 1970 daun
1393 1939 1572 1977 conzitz‘ati,
1601 1936 1660 1968 da-

995 1995 1100 2026 gegen
1118 1985 1170 2016 die
1189 1984 1457 2016 vomFeldherrn
1475 1987 1661 2014 ernannten

995 2030 1121 2074 rufuli.
1456 2066 1459 2067 ⁷

1033 2075 1144 2118 jhc-ile
1172 2077 1289 2106 notus:
1326 2074 1471 2105 dadurch
1503 2072 1660 2113 niimlich,

997 2122 1074 2153 dass
1092 2131 1163 2152 man
1183 2119 1313 2151 iiber-all
1331 2130 1395 2150 von
1416 2120 1480 2150 ihm
1499 2118 1660 2161 sprechen

997 2167 1061 2198 und
1088 2166 1143 2197 ihu
1172 2166 1307 2196 riihmen
1337 2165 1444 2195 horte.
1463 2181 1504 2186 —
1525 2163 1660 2195 Dietsch

998 2211 1148 2244 schreibt
1185 2215 1269 2242 statt
1309 2209 1415 2250 facile
1453 2208 1535 2241 nach
1568 2209 1661 2240 einer

998 2257 1129 2289 'zilteren
1170 2255 1262 2296 Conj.
1299 2256 1430 2297 sactis,
1465 2264 1535 2285 was
1568 2253 1662 2285 nicht

998 2302 1110 2341 wenig
1131 2300 1186 2332 fiir
1215 2300 1286 2332 sich
1313 2301 1380 2332 hat.
1410 2318 1452 2322 -
1488 2297 1660 2331 Gramma-

998 2347 1083 2379 tisch
1102 2349 1475 2386 genommenxertreteu
1494 2344 1547 2376 die
1559 2343 1663 2375 wor—

999 2397 1030 2424 te
1063 2393 1157 2423 einen
1191 2391 1395 2429 Causalsatz‚
1428 2401 1468 2421 zu
1501 2389 1660 2421 welchem

999 2438 1056 2468 das
1072 2437 1238 2478 plerisque
1262 2461 1269 2468 .
1297 2462 1303 2467 .
1329 2460 1335 2466 .
1362 2435 1602 2478 ignorantibus
1628 2435 1660 2465 in

1001 2482 1158 2514 u'zichster
1176 2482 1239 2512 und
1261 2491 1353 2513 zwar
1371 2480 1586 2513 concessiver
1602 2479 1662 2511 Be-

999 2528 1142 2565 ziehung
1159 2527 1258 2558 steht.

1045 2574 1074 2603 5.
1102 2573 1303 2615 a!ium,post
1319 2571 1425 2603 alium
1443 2575 1506 2602 otc.
1531 2569 1662 2602 Marius

1000 2628 1072 2649 war
1100 2619 1164 2649 635
1196 2619 1286 2657 (119)
1317 2615 1556 2655 Volkstribun3
1586 2614 1664 2646 vier
