1720 2875
113 1022 164 1058 25

188 130 241 169 42
679 129 714 164 C.
739 130 948 165 SALLUSTI
972 132 1104 166 cmspl

187 244 277 271 eum
299 232 473 284 quamvis
496 233 673 283 egregius
694 233 812 272 homo
833 245 959 274 novus
976 234 1141 286 adeptus
1162 235 1275 275 foret.
1308 236 1383 277 Sed
1399 238 1466 278 ubi
1486 237 1595 290 peri·

115 289 167 325 24
188 290 318 328 culum
339 288 507 333 advenit,
527 288 668 328 invidia
689 295 805 341 atque
826 290 1007 342 superbia
1028 297 1117 343 post
1136 291 1257 332 fuere.
1287 293 1408 344 Igitur
1427 294 1592 334 comitiis

188 345 330 384 habitis
351 345 533 384 consules
554 345 802 386 declarantur
821 345 868 384 M.
905 347 1055 387 Tullius
1092 354 1131 387 et
1151 348 1190 387 C.
1225 349 1432 390 Antonius.
1479 351 1593 398 Quod

143 408 161 440 2
187 403 332 440 factum
353 400 480 452 primo
502 402 700 454 popularis
717 402 999 442 coniurationis
1015 412 1276 444 concusserat.
1308 405 1443 458 Neque
1456 412 1593 447 tamen

187 458 373 497 Catilinae
394 457 505 496 furor
525 459 786 503 minuebatur.¹
808 460 875 498 sed
896 460 936 498 in
957 460 1038 500 dies
1061 461 1173 513 plura
1194 462 1358 513 agitare:
1396 474 1503 502 arma
1522 475 1592 515 per

185 513 333 553 Italiam
356 514 450 552 locis
471 515 701 566 opportunis
716 528 867 567 parare,
889 517 1096 568 pecuniam
1112 531 1181 557 sua
1199 525 1266 557 aut
1282 519 1497 558 amicorum
1518 518 1594 559 fide

185 576 384 621 sumptam
406 576 582 610 mutuam
605 572 786 611 Faesulas
818 572 865 610 ad
901 573 1084 612 Manlium
1119 575 1314 627 quendam
1338 581 1506 627 portare,
1528 575 1594 626 qui

143 630 161 662 3
186 632 320 678 postea
341 626 523 678 princeps
544 628 617 667 fuit
638 627 723 667 belli
745 628 926 668 faciundi.
973 630 1025 669 Ea
1046 635 1280 683 tempestate
1300 632 1502 683 plurumos
1524 644 1593 672 cu-

184 683 325 734 iusque
336 683 493 734 generis
502 685 682 723 homines
698 685 905 724 adscivisse
916 685 989 724 sihi
1007 687 1168 726 dicitur:
1192 688 1376 728 mulieres
1391 689 1506 728 etiam
1522 688 1592 727 ali-

186 745 294 790 quot,
317 752 416 790 quae
435 741 563 791 primo
584 741 753 792 ingentis
774 747 954 793 sumptus
974 748 1111 794 stupro
1133 745 1307 796 corporis
1322 746 1594 790 toleraverant,

185 801 285 847 post,
308 795 374 835 ubi
391 803 496 835 aetas
513 803 668 836 tantum
688 798 802 836 modo
821 800 998 850 quaestui
1015 811 1143 851 neque
1159 801 1333 840 luxuriae
1351 801 1513 840 modum
1534 801 1594 840 fe-

140 859 160 890 4
186 857 302 897 cerat,
324 864 388 892 aes
410 853 580 893 alienum
602 854 748 905 grande
769 855 1043 895 conflaverant.
1076 857 1152 896 Per
1172 870 1235 896 eas
1256 870 1299 896 se
1321 858 1483 897 Catilina
1504 870 1593 897 cre-

186 908 301 947 debat
321 921 438 960 posse
459 910 610 949 servitia
632 910 781 950 urbana
803 911 1020 957 sollicitare,
1053 913 1189 952 urbem
1230 914 1454 959 incendere,
1490 914 1594 953 viros

186 977 320 1004 earum
343 966 402 1004 vel
423 965 635 1018 adiungere
657 967 729 1006 sibi
751 968 810 1007 vel
827 967 1056 1008 interlicere.

299 1022 375 1061 Sed
413 1022 451 1061 in
488 1023 542 1062 eis
565 1029 645 1062 erat
667 1025 912 1076 Sempronia,
935 1037 1032 1076 quae
1055 1026 1174 1064 multa
1196 1038 1312 1077 saepe
1334 1026 1453 1066 virilis
1473 1027 1592 1066 auda—

139 1085 158 1117 2
185 1077 265 1118 ciae
286 1078 460 1118 facinora
501 1080 764 1120 commiserat.
810 1080 912 1120 Haec
947 1082 1086 1120 mulier
1121 1093 1262 1132 genere
1300 1089 1416 1134 atque
1450 1083 1592 1127 forma,

182 1141 383 1186 praeterea
404 1135 486 1174 viro
508 1136 645 1183 liberis,
662 1138 755 1176 satis
777 1137 979 1176 fortunata
999 1138 1095 1184 fuit3
1116 1138 1253 1177 litteris
1275 1139 1429 1178 Graecis
1459 1144 1496 1178 et
1518 1139 1593 1177 La-

181 1191 275 1230 tinis
296 1192 420 1236 docta,
441 1193 604 1243 psallere
626 1194 766 1232 saltare
788 1193 1002 1244 elegantius
1020 1207 1136 1246 quam
1159 1206 1320 1234 necesse
1341 1200 1400 1234 est
1434 1194 1592 1247 probae,

138 1252 156 1282 3
183 1248 306 1287 multa
327 1248 409 1293 alia,
433 1261 533 1300 quae
555 1249 818 1289 instrumenta
838 1251 1010 1290 luxuriae
1031 1257 1136 1290 sunt.
1169 1251 1245 1291 Sed
1269 1252 1305 1291 ei
1321 1252 1469 1291 cariora
1485 1264 1593 1292 sem-

231 1350 329 1382 komo
346 1361 466 1383 novus.-
491 1352 553 1384 der
569 1351 668 1384 Mann
686 1353 770 1384 ohne
788 1352 857 1384 Ah-

187 1406 271 1436 nen3
298 1396 352 1427 ein
370 1397 504 1429 solcher
521 1397 564 1428 ist
582 1396 636 1429 fuir
653 1397 707 1429 die
717 1397 858 1430 Familie

188 1441 260 1481 der,
276 1441 424 1474 welcher
433 1447 547 1474 zuerst
561 1452 620 1474 aus
631 1443 684 1475 ihr
700 1453 740 1474 zu
749 1444 856 1475 einem

188 1486 404 1519 curulischen
428 1487 507 1519 Amt
539 1487 676 1529 gelangt
708 1488 764 1528 ist,
797 1489 857 1520 der

184 1533 345 1576 princeps
360 1532 552 1565 nobilitatis.
574 1532 642 1565 Der
657 1538 748 1565 erste
765 1534 859 1565 homo

188 1587 290 1609 novus
320 1578 354 1609 in
372 1576 453 1609 Rom
471 1588 543 1611 war
571 1577 607 1610 L.
625 1578 761 1610 Sextius
779 1578 854 1611 Cos.

190 1622 256 1655 388
277 1622 368 1663 (366)
385 1633 550 1664 gewesen.

233 1662 298 1700 24.
320 1670 346 1700 1.
372 1668 596 1709 declarantur,
630 1668 774 1701 namlich
804 1669 855 1701 als

189 1712 337 1746 Consuln
355 1711 409 1745 fiir
427 1714 490 1748 691
512 1715 590 1755 (63),
608 1714 673 1745 und
692 1724 784 1746 zwar
800 1714 857 1746 Ci-

187 1768 264 1791 cero
282 1758 366 1790 ohne
384 1758 588 1799 eigentliche
614 1759 856 1800 Abstimmung‚

189 1803 257 1836 wie
275 1813 311 1835 er
329 1802 378 1834 ost
394 1805 458 1835 und
477 1814 558 1845 geru
577 1805 716 1836 riihmte.
747 1806 855 1836 Anto-

190 1848 266 1880 nius
279 1849 372 1880 hatte
390 1860 451 1880 nur
469 1851 578 1891 wenig
591 1850 747 1881 Stimmen
764 1850 856 1882 mehr

189 1894 241 1926 als
260 1892 416 1926 Catilina.

235 1942 466 1971 concusserat.-
483 1940 542 1972 das
560 1939 783 1982 Plusquamp.‚
802 1939 855 1972 in-

188 1984 262 2016 dem
279 1984 334 2016 die
351 1984 573 2026 Schilderung
589 1986 649 2017 mit
665 1985 714 2027 §2
729 1985 856 2017 schnell

189 2040 230 2062 zu
248 2029 307 2061 der
324 2029 433 2070 gleich
457 2029 634 2071 folgenden
663 2030 743 2063 Zeit
769 2030 854 2062 fort-

189 2074 262 2116 ent,
279 2075 310 2106 in
328 2075 475 2107 welcher
492 2075 593 2108 Catil.
619 2076 778 2108 nunmehr
796 2075 855 2108 der

190 2119 498 2161 Einschiichterung
529 2121 634 2154 Trotz
668 2122 741 2156 bot:
774 2121 856 2153 'tilm-

189 2165 259 2197 lich
277 2166 331 2207 56,
349 2165 379 2197 2.
397 2185 440 2189 —
458 2166 644 2208 Uebrigens
665 2166 779 2198 wurde
796 2166 855 2198 der

189 2210 381 2243 Schrecken
412 2211 489 2244 bald
532 2212 676 2244 nachher
707 2211 855 2244 dadurch

191 2261 348 2288 erneuert
381 2257 447 2288 und
479 2257 651 2289 vermehrt
669 2283 677 2297 ‚
709 2257 785 2289 dass
816 2256 854 2288 L.

189 2300 352 2342 Luccejus
382 2302 464 2334 nach
492 2303 555 2335 deu
573 2302 746 2343 Comifien,
776 2302 856 2334 aber

191 2346 275 2378 noch
307 2346 329 2378 i.
347 2347 376 2378 J.
394 2347 459 2380 690
494 2348 575 2388 (64),
607 2348 706 2380 Catil.
741 2357 855 2388 wegen

190 2390 327 2423 Mordes
346 2392 513 2433 belangte,
530 2393 563 2424 in
592 2392 720 2425 Betreff
746 2393 856 2424 seiner

189 2436 349 2468 wihrend
367 2437 426 2469 der
439 2437 713 2480 proscriptionen
733 2437 856 2469 veriib-

190 2486 244 2514 ten
263 2481 516 2514 Griiuelthaten.
547 2483 651 2515 Trotz
669 2482 856 2515 offenbarer

192 2526 316 2559 Sehuld
333 2527 447 2559 wurde
465 2537 502 2560 er
519 2529 703 2560 wieder-um
735 2527 856 2569 freige-

192 2572 365 2614 sprochen.

974 1353 1006 1384 2.
1060 1352 1242 1386 Faesulas:
1272 1353 1362 1394 jctzt
1386 1354 1532 1395 Fiesohe,
1560 1355 1595 1388 in

928 1397 1187 1439 Nordetrurien‚
1207 1399 1280 1431 eine
1309 1399 1413 1432 Meile
1431 1410 1497 1432 von
1515 1399 1595 1433 Flo-

929 1444 1052 1485 rentia,
1070 1445 1153 1476 iiber
1167 1444 1209 1476 30
1226 1454 1257 1485 g.
1271 1444 1315 1477 Μ.
1334 1455 1399 1476 von
1418 1444 1510 1477 Rom.

973 1487 1135 1521 Manlium
1146 1502 1156 1520 :
1185 1489 1295 1522 Ueber
1311 1489 1428 1522 diesen
1445 1490 1481 1522 C.
1497 1490 1596 1523 Mun-

927 1533 994 1566 lius
1035 1534 1202 1574 (danebeu
1243 1535 1326 1566 auch
1366 1534 1504 1567 Mallius
1539 1545 1596 1577 ge-

928 1579 1127 1620 schrieben)
1162 1580 1326 1611 wahrsch.
1359 1589 1401 1611 m.
1435 1579 1479 1612 d.·-
1500 1580 1592 1613 Boin.

928 1624 1103 1666 Acidinus,
1121 1624 1410 1657 damalsColonist
1425 1625 1593 1658 inFaesu-

929 1670 994 1709 lae,
1012 1674 1086 1711 sagt
1103 1669 1195 1702 Cass.
1215 1669 1276 1702 Dio
1294 1670 1349 1711 37,
1381 1670 1423 1703 30
1456 1670 1529 1704 τῶν
1559 1681 1596 1704 τε

928 1715 1140 1758 πολεμικῶν
1171 1713 1427 1768 ἐμπειρότατος
1447 1734 1492 1739 —
1507 1714 1598 1760 μετὰ

926 1771 1194 1857 {55253'52'515‘33
1209 1760 1597 1838 κῗὲἔῖἵδαῗῖἔξῗέἕίἕ

927 1861 985 1886 τος
1001 1861 1061 1882 ων.

972 1890 1038 1927 25.
1076 1897 1103 1929 1.
1121 1894 1341 1938 Sempronia.-
1369 1906 1430 1928 aus
1446 1895 1596 1928 bekann-

927 1945 993 1972 tem
1012 1939 1223 1981 Geschlecht‚
1241 1940 1331 1973 Frau
1348 1941 1406 1973 des
1423 1941 1460 1973 D.
1474 1941 1595 1973 Junius

928 1986 1061 2027 Brutus,
1079 1987 1177 2018 Cous.
1195 1987 1258 2018 677
1279 1986 1360 2027 (77),
1377 1985 1506 2019 Mutter
1538 1987 1596 2019 des

927 2030 964 2063 D.
984 2031 1059 2062 Jun.
1081 2031 1134 2062 Br.
1154 2031 1309 2072 Albinus,
1327 2031 1421 2064 eines
1446 2031 1593 2076 derper-

928 2087 1082 2108 caesores
1102 2076 1269 2109 Caesaris.

974 2121 1003 2153 2.
1026 2121 1170 2165 psallere
1197 2122 1343 2154 saltare.-
1371 2121 1495 2153 ebenso
1527 2121 1596 2154 wie

927 2166 1050 2199 litteris
1067 2167 1132 2199 und
1150 2168 1295 2199 nachher
1321 2167 1430 2199 multa
1445 2167 1525 2207 alia,
1553 2177 1595 2199 zu

927 2212 1022 2244 docta
1038 2212 1179 2254 gehiirig
1192 2231 1235 2235 —
1251 2212 1322 2244 Zur
1346 2212 1451 2244 Sache
1481 2211 1595 2254 Quint.

928 2257 1004 2290 inst.
1024 2268 1072 2289 or.
1093 2260 1122 2297 1,
1144 2258 1195 2298 10,
1212 2258 1266 2297 31,
1285 2268 1337 2289 wo
1367 2267 1402 2289 es
1420 2258 1502 2289 nach
1520 2257 1597 2289 Em·

928 2302 1087 2344 pfehlung
1120 2302 1179 2334 der
1210 2302 1320 2335 Musik
1355 2299 1410 2334 fiir
1445 2302 1475 2334 d.
1510 2301 1595 2334 Red-

929 2358 987 2379 ner
1003 2348 1121 2380 heil'st:
1137 2349 1288 2390 apertius
1309 2350 1419 2379 tamen
1433 2348 1595 2391 profiten-

929 2392 1010 2425 dum
1023 2395 1102 2436 puto
1119 2402 1181 2424 non
1199 2394 1285 2425 hanc
1306 2403 1327 2424 a
1356 2403 1408 2424 me
1433 2394 1595 2437 praecipi,

928 2448 1012 2480 quae
1037 2448 1124 2470 nunc
1141 2440 1175 2469 in
1203 2440 1312 2470 scenis
1340 2439 1539 2479 effeminata
1565 2440 1595 2470 d

929 2483 1106 2526 impudicis
1136 2482 1243 2515 modis
1275 2483 1391 2525 fracta
1402 2507 1412 2524 ‚
1455 2493 1518 2515 non
1550 2493 1595 2515 eoe

926 2531 1025 2572 parte
1040 2530 1191 2568 minima,
1208 2530 1241 2560 si
1256 2528 1337 2570 quid
1350 2530 1384 2560 in
1397 2529 1492 2560 nobis
1508 2530 1593 2560 viri-

929 2573 970 2605 lis
1000 2574 1127 2606 roboris
1151 2574 1304 2606 manebat
1317 2597 1326 2613 ‚
1359 2573 1485 2605 excidit
1497 2597 1506 2615 ‚
1537 2571 1598 2605 sed
