1720 2875
518 149 575 181 DE
599 147 711 182 com.
737 147 878 180 cATiL.
924 148 958 180 c.
985 148 1128 180 41—44.
1472 150 1521 188 61

122 250 288 291 Catilina
308 250 350 290 in
371 263 507 302 agrum
528 250 792 289 Faesulanum
813 262 904 288 cum
925 250 1099 289 exercitu
1120 250 1303 295 venisset,
1330 249 1372 288 L.
1395 250 1525 289 Bestia

119 307 304 346 tribunus
326 307 448 358 plebis
469 308 649 346 contione
669 306 797 345 habita
818 312 1051 356 quereretur
1071 307 1119 345 de
1139 306 1356 345 actionibus
1374 306 1524 346 Cicero-

119 363 180 402 nis
200 363 367 414 bellique
387 363 616 414 gravissumi
636 362 818 400 invidiam
839 367 1002 412 optumo
1031 363 1183 401 consuli
1221 364 1449 414 inponeret3
1479 376 1524 401 eo

120 420 228 470 signo
249 432 438 471 proxuma
460 424 574 457 nocte
594 423 722 457 cetera
744 418 954 457 multitudo
975 418 1253 457 coniurationis
1279 432 1395 458 suum
1416 419 1526 470 quis-

120 489 196 527 que
215 476 416 526 negotium
434 483 723 525 exsequeretur.
756 475 832 513 Sed
849 487 895 513 ea
911 474 1033 513 divisa
1050 474 1123 513 hoc
1143 476 1259 513 modo
1278 475 1523 515 dicebantur:
1554 487 1560 493 ·

121 532 296 572 Statilius
318 538 356 571 et
377 531 562 570 Gabinius
584 531 639 570 uti
664 543 752 569 cum
774 543 909 581 magua
933 543 1052 570 manu
1074 531 1279 570 duodecim
1314 532 1431 570 simul
1452 545 1523 583 op-

118 594 286 639 portuna
305 588 385 626 loca
406 587 516 626 urbis
537 587 801 630 incenderent,
824 600 901 638 quo
938 587 1110 626 tumultu
1145 587 1295 625 facilior
1328 588 1456 627 aditus
1477 589 1524 627 ad

119 644 319 683 consulem
331 649 569 694 ceterosque,
591 643 733 694 quibus
742 643 904 682 insidiae
921 643 1172 694 parabantur,
1186 644 1314 686 fieret:
1330 644 1522 696 Cethegus

118 699 314 739 Ciceronis
335 700 493 738 ianuam
510 699 705 738 obsideret
723 712 890 750 eumque
913 700 947 737 vi
967 700 1258 750 aggrederetur,
1274 700 1369 739 alius
1391 708 1523 740 autem

115 756 247 801 alium,
283 756 350 794 sed
372 756 438 794 filii
458 756 703 802 familiarum,
740 768 906 806 quorum
930 769 976 795 ex
997 756 1199 794 nobilitate
1234 769 1412 796 maxuma
1432 770 1522 808 pars

117 818 212 857 erat,
223 813 698 863 parentesinterlicerent;
717 812 831 851 simul
849 813 964 851 caede
982 818 1018 851 et
1035 813 1215 851 incendio
1231 814 1421 863 perculsis
1440 827 1526 852 om-

115 868 232 907 nibus
253 869 300 907 ad
322 868 524 908 Catilinam
547 875 815 919 erumperent.
846 869 950 907 Inter
966 869 1061 907 11366
1077 875 1210 919 parata
1232 875 1349 920 atque
1370 870 1525 910 decreta
1552 882 1570 913 3

117 924 306 976 Cethegus
328 937 486 976 semper
504 925 739 976 querebatur
760 925 807 964 de
828 925 975 976 ignavia
997 925 1213 964 sociorum:
1236 926 1320 964 illos
1342 927 1526 965 dubitan-

115 981 163 1019 do
185 987 222 1019 et
243 982 325 1020 dies
345 982 573 1032 prolatando
595 994 754 1032 magnas
777 981 1091 1032 opportunitates
1114 994 1388 1032 corrumpere3
1410 983 1524 1029 facto,

114 1049 196 1076 non
219 1039 396 1077 consulto
418 1037 459 1076 in
480 1038 548 1076 tali
569 1039 741 1089 periculo
763 1051 864 1089 opus
885 1051 970 1077 esse
993 1050 1132 1088 seque,
1169 1039 1201 1076 si
1234 1039 1345 1089 pauci
1367 1039 1525 1077 adiuva-

113 1099 216 1140 rent⁷
239 1094 515 1144 languentibus
536 1095 639 1139 aliis,
667 1095 860 1145 impetum
879 1095 922 1133 in
943 1094 1089 1133 curiam
1109 1095 1317 1133 facturum.

1378 1095 1524 1134 Natura
1551 1109 1571 1140 4

111 1150 222 1189 ferox
243 1151 450 1189 vehemens
473 1163 593 1189 manu
613 1157 819 1202 promptus
841 1157 942 1198 erat;
971 1163 1200 1190 maxumum
1229 1151 1378 1190 bonum
1398 1152 1439 1191 in
1461 1165 1524 1190 ce-

111 1206 264 1245 leritate
285 1207 459 1258 putabat.

227 1263 304 1301 Sed
324 1263 546 1313 Allobroges
570 1275 617 1300 ex
637 1269 843 1314 praecepto
865 1264 1064 1302 Ciceronis
1093 1276 1164 1314 per
1186 1263 1392 1303 Gabinium
1414 1271 1520 1304 cete-
1541 1271 1591 1306 44

111 1332 176 1358 ros
199 1319 454 1364 conveniunt,
476 1318 523 1357 ab
544 1319 711 1357 Lentulo
735 1319 903 1370 Cethego
927 1319 1080 1358 Statilio
1104 1321 1196 1358 item
1228 1320 1359 1359 Cassio
1380 1327 1518 1371 postu-

110 1377 192 1415 lant
211 1375 272 1413 ius
293 1376 515 1420 iurandum,
538 1375 643 1426 quod
666 1376 861 1425 signatum
875 1376 922 1414 ad
939 1376 1028 1413 civis
1048 1377 1269 1427 perferant:
1293 1377 1404 1415 aliter
1418 1377 1523 1416 haud

109 1431 219 1478 facile
241 1443 306 1470 eos
329 1432 375 1470 ad
395 1437 551 1470 tantum
573 1432 773 1482 negotium
794 1432 925 1483 inpelli
947 1444 1074 1482 posse.
1127 1432 1254 1471 Ceteri
1276 1433 1371 1471 nihil
1392 1434 1521 1484 suspi-
1551 1440 1569 1470 2

109 1493 240 1534 cantes
259 1488 370 1534 dant3
388 1488 540 1527 Cassius
562 1494 687 1526 semet
705 1501 749 1526 eo
767 1488 872 1526 brevi
888 1495 1097 1526 venturum
1114 1489 1330 1539 pollicetur,
1349 1502 1391 1527 ac
1407 1490 1521 1540 paulo

110 1550 200 1592 ante
220 1544 365 1594 legatos
387 1557 432 1583 ex
456 1544 549 1583 urbe
570 1544 838 1595 proficiscitur.

899 1543 1090 1583 Lentulus
1112 1557 1201 1583 611111
1223 1546 1276 1584 eis
1298 1546 1339 1584 T.
1365 1546 1521 1585 Voltur-
1550 1555 1568 1586 3

111 1601 215 1649 cium
235 1601 431 1651 quendam
453 1600 751 1640 Crotoniensem
773 1601 910 1641 mittit.
947 1607 991 1639 ut
1017 1601 1241 1652 Allobroges
1272 1602 1379 1653 prius
1402 1615 1519 1653 quam

108 1690 188 1723 Rom
207 1696 362 1730 wax-tete,
380 1691 414 1722 ni
422 1693 477 1723 cht
495 1691 584 1722 wohl
609 1702 650 1722 zu
667 1692 779 1723 verei-

108 1736 219 1776 nigen.
253 1736 436 1769 Ueberdies
460 1736 560 1768 sollte
585 1736 697 1768 Bestia
724 1739 778 1776 (zu

111 1782 163 1821 17,
176 1781 208 1819 3)
227 1781 299 1813 sein
317 1783 392 1813 Amt
410 1787 480 1813 erst
490 1792 540 1813 am
559 1782 697 1813 10.Dee.
713 1782 773 1815 691

107 1831 271 1867 antreten,
295 1827 361 1858 und
379 1837 415 1858 so
433 1831 581 1858 mussten
621 1827 674 1858 die
694 1827 778 1859 Ver-

108 1871 322 1903 schworeuen
340 1871 432 1904 nicht
459 1883 521 1910 nur
538 1872 675 1911 wissen,
701 1873 778 1904 dass

107 1915 206 1948 Catil.
225 1917 310 1948 dann
328 1917 441 1957 liiugst
470 1918 524 1948 bei
542 1917 690 1949 Manlius
707 1919 778 1949 ein—

109 1961 271 2001 getroffeu
302 1963 374 1993 sein
398 1962 523 1999 werde,
554 1963 699 1994 soudern
727 1963 777 1994 sie

106 2007 221 2038 hatten
255 2007 381 2048 gewiss
408 2007 510 2038 sehon
539 2008 666 2039 damals
696 2008 776 2048 (vgl.

109 2051 162 2091 36,
184 2053 212 2091 1,
231 2052 262 2083 21
280 2051 465 2083 Nachricht
490 2062 555 2083 von
580 2053 695 2084 5611161·
720 2054 777 2084 be-

107 2097 192 2129 reits
223 2096 389 2136 erfolgteu
413 2095 566 2128 Ankunst
596 2098 641 2128 im
669 2097 778 2138 Lager

106 2141 161 2173 bei
177 2141 352 2174 Faesulae.
395 2141 577 2173 Entweder
595 2153 685 2174 muss
704 2154 778 2175 111311

107 2187 209 2218 daher
225 2187 299 2219 hier
317 2188 414 2219 einen
434 2186 578 2219 Iri-thum
595 2189 777 2220 annehmen

109 2232 190 2263 oder
207 2233 341 2272 geneigt
359 2233 429 2264 sein
451 2233 511 2264 der
546 2232 778 2274 Yermuthung

106 2275 375 2318 heizusfimmcm,
426 2278 505 2309 dass
550 2282 650 2310 unter
693 2289 778 2319 ager

108 2319 318 2354 Faesulanus
350 2324 424 2354 eine
458 2323 679 2354 siidwestlich
710 2334 777 2355 von

109 2365 257 2398 Clusium
274 2368 434 2408 gelegeue
462 2367 598 2408 Gegend
626 2379 668 2400 zu
696 2379 778 2400 ver-

108 2412 224 2443 stehen
239 2413 301 2450 sei,
317 2413 426 2444 indem
440 2412 602 2455 Polybius
615 2413 645 2453 2,
664 2413 705 2445 25
723 2414 777 2445 bei

107 2457 166 2487 der
198 2455 391 2498 Erz'ablung
428 2458 487 2489 des
524 2457 777 2499 Gallerkrieges

107 2512 173 2532 von
192 2502 255 2533 529
274 2502 365 2541 (225)
385 2502 457 2534 eine
477 2501 585 2536 πόλιν
608 2505 777 2536 Φαίσολα

109 2546 206 2578 (labin
227 2547 371 2588 verlegt.

154 2601 190 2623 eo
222 2593 322 2634 sag-no
356 2597 421 2624 etc.
480 2592 778 2626 Wahrscheiulicb

853 1692 972 1724 sollte’
1001 1692 1116 1724 Bestia
1169 1693 1221 1724 die
1260 1693 1518 1734 Versammluug

851 1737 964 1779 gleich
1003 1739 1087 1769 nach
1129 1738 1254 1769 seinem
1289 1738 1516 1779 Amtsautritt‚

850 1780 1029 1815 vielleieht
1047 1784 1148 1814 sehon
1167 1793 1218 1814 am
1229 1782 1320 1823 Tage
1329 1783 1517 1824 desselben,

849 1828 973 1868 11311611,
1000 1827 1064 1859 111111
1079 1828 1113 1859 111
1131 1829 1190 1859 der
1206 1827 1329 1860 darauf
1342 1828 1518 1868 folgenden

849 1874 959 1906 Nacht
976 1872 1034 1904 das
1043 1873 1186 1905 Blutbad
1203 1873 1408 1905 stattfinden.
1425 1874 1518 1906 Nach

850 1919 1022 1959 langerem
1055 1918 1264 1960 Ueberlegen
1304 1923 1411 1950 setzte
1444 1929 1518 1950 man

850 1963 941 2004 aber,
982 1973 1052 1995 was
1099 1964 1181 1995 Sall.
1223 1964 1317 1995 1116111
1355 1965 1518 2004 erwfihut,

851 2009 903 2041 die
919 2007 1137 2049 Ausffihrung
1167 2008 1227 2041 auf
1255 2010 1313 2040 das
1345 2008 1428 2041 Fest
1459 2010 1517 2040 der

850 2053 1075 2091 Saturnalieu,
1095 2054 1157 2085 den
1179 2055 1228 2085 19.
1249 2053 1325 2085 Dec.

896 2100 1152 2131 coniurationis:
1193 2114 1214 2125 =
1249 2101 1514 2138 coniuratorum,

849 2145 909 2175 mit
932 2144 1112 2176 multitudo
1131 2155 1172 2175 zu
1188 2144 1383 2175 verbinden.

896 2190 925 2220 2.
953 2199 1013 2229 quo
1028 2190 1195 2221 tumultu:
1212 2200 1253 2220 zu
1271 2188 1338 2229 lug.
1358 2190 1410 2227 54,
1431 2188 1461 2220 6.

896 2234 927 2265 3.
961 2237 1083 2274 parata
1111 2239 1175 2266 etc.
1213 2234 1322 2265 Schon
1351 2234 1409 2265 mit
1436 2233 1519 2265 Hin—

850 2280 997 2319 deutung
1015 2278 1143 2310 aufdas
1161 2279 1271 2319 gleich
1289 2279 1435 2310 nachher
1450 2277 1517 2311 Ge-

851 2330 955 2365 sagte,
976 2324 1052 2356 dass
1062 2324 1226 2364 Cethegus
1244 2324 1379 2355 eudlich
1388 2324 1517 2356 Thaten

849 2370 1024 2410 verlangte
1041 2374 1126 2401 statt
1139 2369 1266 2400 blol'ser
1276 2369 1518 2401 Vos-hereitan—

849 2425 912 2455 gen
926 2416 992 2446 und
1010 2414 1219 2446 Beschliisse.

896 2455 960 2492 44.
973 2462 1000 2492 1.
1017 2461 1069 2490 ius
1081 2458 1282 2491 iurandum:
1297 2459 1370 2491 eine
1380 2458 1516 2492 schrift-

850 2505 939 2536 liche
958 2505 1208 2545 Versicherung
1230 2515 1272 2536 an
1289 2504 1391 2536 Eides
1414 2506 1513 2537 Statt.

897 2550 926 2581 2.
945 2560 1004 2581 eo:
1022 2550 1050 2580 d.
1072 2549 1093 2580 i.
1113 2551 1196 2581 nach
1214 2550 1358 2582 Gallien.
1412 2567 1420 2577 =

897 2596 927 2626 3.
970 2594 1233 2627 Crotoniensem:
1273 2606 1336 2627 von
1378 2595 1514 2634 Croton,
