1720 2875
509 154 563 186 DE
582 153 690 187 coru.
709 153 845 186 cxrn..
887 152 1083 186 (1.44-46.
1441 154 1492 193 63

95 257 188 297 Galli
210 257 286 296 cito
306 257 460 307 cognito
483 256 643 296 consilio
665 256 747 294 sine
769 268 877 294 mora
892 255 1133 306 praetoribus
1149 267 1189 294 se
1206 255 1495 303 tradunt3Vol-
1522 267 1540 297 4

94 313 243 353 turcius
265 313 391 364 primo
414 314 637 352 cohortatus
659 316 809 351 ceteros
831 311 953 361 gladio
966 323 1039 350 sea
1053 311 1300 351 multitudine
1311 311 1496 356 defendit,

94 369 244 415 deinde,
268 369 334 409 ubi
354 383 373 409 a
394 370 527 421 legatis
549 369 727 407 desertus
744 373 816 412 est,
839 367 957 406 multa
973 368 1081 418 prius
1099 368 1145 406 de
1159 369 1282 407 salute
1298 381 1367 407 sua
1380 368 1497 406 Pom—

93 427 248 477 ptinum
271 426 498 470 obtestatus,
521 425 624 476 quod
647 425 681 463 ei
704 430 820 463 notus
843 429 935 469 erat,
955 429 1152 474 postremo
1170 424 1328 463 timidus
1345 437 1388 464 ac
1399 424 1498 463 vitae

94 483 273 521 diflidens
294 482 398 521 velut
418 481 596 521 hostibus
619 493 705 519 sese
726 479 970 532 praetoribus
993 480 1110 518 dedit.
1128 491 1158 532 J

207 538 359 585 Quibus·
371 537 487 576 rebus
508 537 692 576 confectis
730 537 860 575 omnia
880 548 1045 587 propere
1067 548 1138 587 per
1168 537 1326 575 nuntios
1349 536 1498 576 consuli
1519 539 1570 574 46

95 595 350 634 declarantur.
410 594 458 632 At
487 594 596 632 illum
624 593 761 644 ingens
784 606 874 632 cura
897 598 1011 644 atque
1034 592 1176 631 laetitia
1195 593 1311 631 simul
1333 606 1499 645 occupa·
1526 601 1543 632 2

94 661 202 690 vere:
223 662 313 689 nam
334 650 549 689 laetabatur
568 650 796 700 intellegens
806 649 1075 688 coniuratione
1097 651 1286 700 patefacta
1303 649 1497 689 civitatem

94 706 273 758 periculis
303 712 477 757 ereptam
512 719 612 753 esse,
649 719 765 757 porro
802 711 933 744 autem
967 705 1103 744 anxius
1119 710 1202 743 erat
1222 705 1415 751 dubitans,
1456 706 1498 745 in

93 775 275 801 maxumo
297 763 441 802 scelere
458 762 577 801 tantis
595 762 740 801 civibus
757 762 1008 813 deprehensis
1025 762 1117 813 quid
1136 762 1234 800 facto
1256 768 1354 813 opus
1377 768 1494 808 esset;

94 831 257 870 poenam
278 819 432 858 illorum
455 818 527 858 sibi
549 819 670 866 oneri,
693 818 954 870 inpunitatem
975 818 1200 869 perdundae
1228 818 1285 857 rei
1320 818 1496 870 publicae

93 877 175 914 fore
203 875 395 914 credebat.
461 875 583 926 Igitur
612 876 840 914 confirmato
870 874 1001 913 animo
1034 874 1158 914 vocari
1187 876 1233 913 ad
1267 888 1349 914 sese
1390 875 1498 914 iubet
1526 886 1543 916 :3

93 931 304 970 Lentulum
335 932 544 982 Cethegum
572 932 765 971 Statilium
801 931 1009 969 Gabinium
1057 931 1229 982 itemque
1271 931 1498 982 Caeparium

92 988 434 1033 Tarracinensem,
472 988 537 1039 qui
574 988 614 1026 in
645 988 822 1039 Apuliam
859 988 904 1026 ad
948 988 1175 1027 concitanda
1215 988 1370 1027 servitia
1406 1000 1500 1039 pro-

92 1044 209 1083 ficisci
231 1045 399 1096 parabat.
433 1045 558 1084 Ceteri
580 1045 662 1084 sine
685 1057 793 1083 mora
815 1044 998 1090 veniunt,
1030 1044 1250 1096 Caeparius,
1271 1044 1387 1095 paulo
1411 1050 1500 1083 ante
1527 1050 1546 1082 4

93 1101 210 1140 domo
233 1113 422 1152 egressus,
445 1101 599 1152 cognito
621 1101 764 1139 indicio
787 1113 832 1139 ex
853 1100 949 1139 urbe
966 1100 1202 1152 profugerat.
1235 1101 1377 1140 Consul
1397 1100 1502 1139 Len·
1528 1108 1545 1138 5

93 1158 232 1204 tulum,
269 1158 372 1209 quod
391 1164 546 1208 praetor
566 1163 660 1202 erat,
696 1157 776 1208 ipse
793 1169 913 1196 manu
933 1163 1072 1196 tenens
1105 1157 1293 1208 perducit,
1330 1157 1501 1208 reliquos

94 1226 184 1252 cum
205 1214 430 1253 custodibus
451 1214 492 1252 in
515 1215 647 1253 aedem
671 1213 906 1252 Concordiae
929 1214 1061 1252 venire
1082 1213 1202 1253 iubet.
1241 1214 1296 1252 Eo
1319 1219 1499 1252 senatum
1528 1224 1546 1253 6

92 1270 252 1309 advocat
272 1282 489 1321 magnaque
509 1270 728 1321 frequentia
750 1270 831 1308 eius
847 1269 994 1309 ordinis
1023 1270 1259 1309 Volturcium
1281 1282 1371 1309 cum
1390 1270 1498 1320 lega-

92 1327 140 1365 tis
161 1327 393 1371 introducit3
424 1327 604 1366 Flaccum
626 1333 847 1377 praetorem
869 1327 1056 1366 scrinium
1078 1339 1167 1365 cum
1187 1326 1338 1370 litteris,
1361 1339 1457 1378 quas
1479 1339 1498 1365 a

91 1383 226 1434 legatis
247 1389 457 1434 acceperat,
479 1383 617 1421 eodem
639 1383 790 1422 adferre
812 1382 930 1421 iubet.

91 1530 195 1561 ganze
209 1520 315 1553 Stelle
334 1531 385 1552 so:
404 1521 585 1562 Postquam
602 1544 609 1552 .
629 1544 636 1551 .
659 1546 665 1552 .
684 1531 759 1552 cum

95 1565 132 1597 V
132 1565 186 1597 olt.
204 1575 330 1603 tenere,
349 1566 451 1597 simul
473 1568 537 1597 uir.
563 1566 600 1598 cl.
619 1569 761 1598 exortus

93 1613 149 1642 est.
204 1609 291 1643 Galli
301 1613 364 1643 cito
383 1616 444 1642 etc.

137 1666 232 1698 cogn.
248 1656 404 1688 consilio:
423 1655 567 1687 niilnlich
586 1656 691 1687 durch
708 1655 760 1688 die

94 1700 289 1742 Praetereo,
306 1701 445 1741 welche,
465 1701 530 1733 wie
547 1701 614 1733 Cic.
633 1701 666 1732 in
686 1701 755 1733 Cat.

94 1745 124 1788 3,
142 1746 174 1787 2,
192 1746 210 1777 6
229 1751 315 1787 sagt,
344 1746 448 1778 allein
466 1747 528 1778 den
546 1746 759 1778 Zusammen-

92 1790 179 1832 hang
195 1792 256 1823 der
272 1792 376 1823 Sache
394 1791 549 1823 kannten.

137 1837 169 1868 4.
201 1835 314 1868 dedit:
333 1847 398 1868 von
417 1836 506 1869 dedo.

141 1875 205 1914 46.
225 1882 254 1912 2.
273 1883 390 1923 ingens
417 1892 499 1914 cura
529 1893 559 1914 u.
590 1882 648 1914 das
679 1880 758 1923 folg.

92 1928 221 1958 anoez'us
238 1927 409 1959 schildern
436 1937 520 1967 ganz
545 1937 759 1967 angcmesscn

95 1972 152 2004 das
171 1970 294 2004 Gefiihl
318 1972 454 2004 Ciceros
489 1973 534 2004 im
552 1972 760 2013 Augenblick

95 2017 154 2049 der
163 2017 396 2049 eintretenden
408 2017 665 2058 Entscheidung‚
676 2018 761 2049 auch

94 2071 190 2093 wenn
207 2072 245 2094 cr
262 2063 386 2094 vorher
403 2062 464 2094 mit
482 2063 554 2094 sich
570 2063 614 2094 im
633 2062 759 2094 Reinen

95 2116 249 2147 gewesen
273 2118 355 2147 war,
383 2108 448 2139 wie
475 2107 530 2139 die
549 2107 761 2140 Verbi-echer

95 2151 238 2185 bestraft
255 2153 390 2184 werden
409 2158 568 2185 mussten.

137 2206 260 2239 porro.-
291 2198 515 2236 ,‚weiterhin“
539 2198 620 2230 oder
653 2198 760 2238 „daun

96 2242 256 2274 wieder“.
294 2242 340 2274 Es
359 2243 552 2275 dientnicht
578 2254 638 2274 zur
666 2243 761 2275 Satz-

97 2287 317 2328 verbindung‚
334 2289 477 2320 sondern
494 2288 690 2320 bezeichnet
699 2288 760 2320 den

97 2331 267 2374 Fortgang
283 2334 343 2365 der
366 2333 602 2375 Ueberlegung
630 2334 687 2365 des
706 2333 762 2365 Ci-

97 2387 187 2416 cero,
205 2377 312 2410 wobei
335 2379 411 2410 bald
434 2380 492 2411 das
516 2379 591 2411 eine
608 2379 683 2411 bald
703 2379 760 2410 das

96 2422 221 2454 andere
252 2421 376 2454 Gefiihl
400 2425 580 2457 erwachte.
614 2424 705 2456 Eben
725 2433 760 2456 so

97 2467 164 2508 lug.
183 2468 235 2506 25,
257 2468 292 2507 ῖς
308 2468 376 2508 vgl.
395 2470 478 2501 auch
495 2469 565 2501 Cic.
592 2481 621 2512 p.
640 2469 710 2502 Mil.
729 2470 760 2508 9,

98 2513 140 2544 25
157 2513 346 2545 occurrebat
366 2515 398 2544 ez·
419 2515 578 2554 (Clodio)
603 2525 761 2546 mancam

95 2568 135 2590 ac
152 2557 289 2590 debilem
308 2560 507 2601 praeturam
540 2570 638 2591 suam
659 2560 760 2602 futu-

97 2613 173 2635 ram
205 2604 334 2636 consule
368 2603 507 2644 Milone;
545 2616 622 2636 eum
660 2614 760 2648 porro

831 1530 963 1552 summo
1003 1530 1162 1552 consensu
1199 1519 1316 1563 populi
1350 1519 1498 1552 Romani

832 1565 995 1598 consulem
1011 1566 1089 1607 fieri
1105 1565 1239 1597 videbat.

875 1611 971 1652 perd,
989 1613 1040 1642 rei
1052 1610 1224 1653 publicae:
1242 1621 1282 1641 zu
1301 1611 1332 1650 6,
1351 1610 1380 1641 7.

878 1656 908 1688 3.
936 1656 1152 1698 Caeparium:
1183 1656 1252 1688 Cic.
1273 1656 1306 1687 in
1325 1655 1396 1687 Cat.
1416 1655 1446 1694 3,
1465 1656 1495 1695 6,

836 1702 875 1734 14
893 1703 928 1732 in
946 1700 988 1732 Π.
1009 1701 1220 1743 Caeparium,
1249 1703 1305 1733 cui
1336 1700 1382 1732 ad
1406 1700 1498 1732 solli-

831 1745 984 1778 citandos
1004 1749 1156 1789 pastores
1179 1747 1341 1789 Apuliam
1357 1746 1499 1777 attribu·

831 1794 904 1823 tam
921 1803 992 1823 esse
1009 1794 1083 1824 erat
1103 1790 1294 1823 indicatum.
1354 1790 1400 1822 Er
1428 1801 1499 1822 war

832 1847 892 1869 aus
909 1837 968 1868 der
984 1837 1075 1869 alten
1092 1836 1188 1868 stadt
1217 1836 1417 1876 Tarracina,
1447 1836 1498 1867 die

832 1882 906 1914 eine
924 1881 1000 1914 Zeit
1029 1882 1105 1923 lang
1124 1883 1206 1914 nach
1223 1882 1282 1914 der
1300 1881 1498 1922 Eroberung

832 1928 937 1959 durch
969 1928 1023 1959 die
1057 1927 1203 1959 Volsker
1243 1928 1361 1959 Anxur
1398 1925 1496 1967 hiess,

832 1973 946 2015 sp‘ater
962 1972 1028 2004 und
1046 1973 1130 2004 noch
1143 1972 1232 2012 jetzt
1249 1971 1444 2004 Terracina.

878 2029 908 2061 4.
945 2039 1040 2071 cogn.
1069 2029 1190 2061 indicio
1215 2045 1229 2055 =
1253 2030 1311 2061 abi
1336 2028 1497 2061 indicium

824 2075 856 2117 s
859 2085 879 2105 a
888 2086 904 2106 c
911 2077 923 2106 t
931 2085 993 2106 um
1009 2085 1079 2106 esse
1094 2077 1255 2117 cognovit.

878 2130 909 2162 3.
933 2130 1101 2174 perducit:
1125 2131 1187 2163 Die
1211 2131 1344 2172 nothige
1370 2130 1498 2171 Erg'an-

833 2176 1074 2216 zung‚wol³in?
1091 2176 1137 2208 ist
1154 2187 1213 2208 aus
1231 2177 1304 2207 dem
1322 2175 1498 2216 folgenden

833 2221 933 2253 Satze
951 2231 992 2252 zu
1010 2221 1158 2260 nehmen,
1188 2221 1324 2252 'ahnlich
1347 2220 1412 2252 wie
1443 2220 1496 2259 35,

833 2267 852 2298 6
876 2265 1066 2297 commendo
1094 2271 1181 2304 etc.;
1210 2265 1278 2306 lug.
1307 2266 1361 2306 63,
1390 2265 1408 2296 3
1437 2276 1498 2297 na-

832 2313 887 2342 tus
904 2315 966 2343 etc.

878 2366 990 2398 aedem
1019 2367 1234 2399 Concordiae:
1263 2365 1322 2398 auf
1346 2367 1417 2399 dem
1435 2368 1497 2399 Ca-

834 2412 968 2454 pitolin.
997 2412 1125 2453 Hiigel,
1159 2423 1210 2444 am
1245 2412 1495 2445 nordostlichen

833 2457 924 2489 Ende
942 2457 1007 2488 und
1025 2456 1069 2488 im
1092 2457 1276 2498 Angesicht
1303 2458 1361 2490 des
1378 2457 1496 2500 forum

832 2502 1028 2534 Romanum.

878 2558 908 2590 6.
939 2558 1025 2591 Volt.
1044 2569 1117 2590 cum
1135 2559 1273 2601 leg-atis.-
1289 2559 1382 2592 Nach
1399 2560 1496 2592 Cice-

833 2615 889 2636 ros
908 2604 1044 2636 Bcricht
1062 2604 1108 2646 (in
1119 2604 1189 2637 Cat.
1209 2604 1240 2647 3,
1258 2605 1289 2646 4,
1308 2604 1340 2646 8>
1358 2605 1495 2637 worden
