1720 2875
566 117 653 151 ZUR
677 117 792 150 REDE
816 117 899 150 DES
922 116 1083 150 MACER.
1446 120 1524 160 251

125 219 313 264 bekannt,
331 219 419 259 dass
436 232 477 259 er
493 219 592 259 nach
608 219 720 271 jener
737 219 818 259 Zeit
832 219 995 259 Praetor
1011 219 1144 259 wurde
1161 220 1240 259 und
1259 221 1345 260 eine
1361 220 1529 262 Provinz

123 277 357 322 verwaltete,
379 276 467 315 ‹lort
489 276 582 315 Geld
605 280 810 326 erpresste‚
839 275 979 315 darauf
997 275 1076 315 688
1099 276 1185 325 (66)
1208 289 1277 316 vor
1297 277 1388 316 dem
1408 277 1528 317 Prae-

121 337 184 372 tor
206 332 338 372 Cicero
361 333 519 372 deshalb
540 332 742 382 angeklagt
754 331 836 370 und
853 332 1083 371 verurtheilt
1099 333 1245 380 wurde,
1268 334 1349 373 und
1367 334 1471 373 noch
1486 335 1529 374 in

122 389 347 428 demselben
368 390 483 428 Jahre
516 401 584 428 aus
617 388 800 427 Schmerz
831 387 930 428 fiber
960 389 1085 427 dieses
1106 389 1303 429 Schicksal
1325 390 1529 430 erkrankte

122 446 201 484 und
224 446 341 485 starb.
378 445 430 484 Er
450 457 528 485 war
544 444 972 484 Geschiehtsschreiber
993 445 1074 484 und
1090 445 1260 485 Redner.
1295 447 1340 485 In
1362 452 1530 486 ersterer

120 502 344 552 Beziehung
363 501 482 541 tadelt
499 501 629 540 Cicero
652 501 715 548 (de
736 501 809 552 leg.
834 502 870 546 1,
888 501 926 547 2,
945 502 985 550 7)
1007 501 1144 540 seinen
1162 502 1254 549 Stil;
1275 503 1431 542 Andere
1452 504 1529 543 den

120 558 269 609 Mangel
307 570 357 597 an
388 558 640 596 historischer
670 557 797 596 Treue
827 558 909 597 und
945 558 1289 609 chronologischer
1321 559 1528 611 Ordnung3

121 615 220 654 iiber
240 615 307 653 ihn
327 614 381 653 als
397 614 555 653 Redner
575 619 658 664 sagt
679 614 855 654 derselhe
873 614 1008 653 Cicero
1028 614 1151 664 (Brut.
1171 615 1236 661 67,
1255 615 1351 663 238)
1385 615 1422 654 C.
1439 616 1529 655 Ma-

121 682 183 710 cer
209 673 427 710 auctoritate
457 683 602 721 semper
623 673 731 722 equit,
761 671 825 709 sed
842 672 919 723 fuit
934 677 1122 721 patronus
1137 672 1412 724 propemodum
1439 673 1529 712 dili-

117 729 363 778 9entissimus.
404 726 528 766 Huius
549 729 585 766 si
597 729 687 771 vita,
708 730 742 766 si
758 739 891 772 mores,
914 730 948 766 si
964 727 1087 767 voltus
1107 729 1263 780 denique
1283 740 1361 768 non
1383 741 1530 768 omnem

120 785 473 823 commendationem
499 785 629 835 ingeni
653 790 843 829 everteret,
875 787 996 823 maius
1015 796 1155 823 nomen
1180 787 1221 824 in
1237 787 1411 836 patronis
1429 786 1530 837 fuis-

119 847 182 879 set.
214 840 298 879 Non
318 847 402 879 erat
422 840 630 884 abundans,
658 851 735 878 non
755 843 864 891 inops
891 847 1028 886 tamen,
1056 852 1132 880 non
1152 841 1262 881 valde
1293 845 1424 887 nitens,
1454 854 1530 881 non

119 896 232 947 pla-ne
262 896 420 936 horrida
450 898 568 935 oratio
579 909 589 943 ,·
620 908 696 935 vom
722 903 844 948 yestus
874 903 907 936 et
935 899 1054 936 omnis
1085 900 1178 936 aetio
1208 901 1286 937 sine
1317 899 1439 949 lepore
1449 911 1460 946 ,·
1492 906 1530 938 ατ

118 955 158 991 in
178 954 412 992 inveniendis
434 953 764 1004 componendisque
795 953 907 993 rebus
935 955 1037 992 mira
1064 957 1268 1000 accuratio,
1298 961 1339 993 ut
1364 967 1441 994 non
1460 956 1529 1007 fa—

122 1008 188 1048 cile
219 1012 259 1048 in
288 1010 368 1049 ullo
401 1009 672 1060 diligentiorem
702 1012 953 1062 maioremque
984 1013 1231 1062 cognoverim,
1270 1011 1334 1050 sed
1363 1024 1459 1057 eam,
1488 1019 1531 1051 ut

123 1068 228 1105 citius
257 1068 522 1105 veteratoriam
552 1078 663 1118 quam
695 1069 905 1110 oratoriam
946 1066 1096 1106 diceres.
1155 1066 1225 1106 Hic
1254 1070 1324 1106 etsi
1349 1070 1464 1107 etiam
1492 1070 1531 1106 in

119 1122 279 1174 publicis
309 1125 431 1162 causis
456 1123 707 1173 probabatur,
738 1130 863 1162 tamen
900 1126 940 1162 in
971 1125 1131 1175 privatis
1166 1123 1426 1163 inlustriorem
1462 1124 1530 1163 ob—

123 1179 263 1218 tinebat
293 1179 426 1218 locum.
469 1179 702 1218 Berfilnnter
732 1180 787 1218 als
819 1192 860 1219 er
891 1180 971 1219 und
1003 1181 1178 1231 zugleich
1208 1181 1262 1219 als
1283 1180 1442 1220 Dichter
1463 1194 1529 1232 go—

121 1236 270 1275 schkitzt
292 1249 371 1274 war
394 1236 478 1275 sein
501 1236 609 1275 Sohn
632 1236 672 1275 C.
694 1236 866 1275 Licinius
887 1236 1013 1276 Macer
1035 1237 1182 1276 Calvus.
