1720 2875
499 90 660 124 ORATIO
687 91 725 124 L.
750 90 885 124 MARC!
910 90 1100 124 PHILIPPl.
1427 92 1505 131 235

97 198 230 241 tenet3
251 193 342 232 belli
357 193 442 233 iura
455 193 638 240 rescindi,
659 205 748 232 cum
765 193 848 244 ipse
864 192 984 231 armis
1001 198 1133 243 cogat:
1151 192 1346 231 civitatem
1363 193 1511 232 confir-

98 249 210 293 mari,
233 249 375 300 quibus
396 250 620 300 ademptam
640 254 776 299 negat3
798 249 1030 288 concordiae
1050 249 1171 298 gratia
1196 248 1323 299 plebei
1340 249 1509 288 tribuni-

97 306 196 345 ciam
219 311 454 356 potestatem
469 304 637 350 restitui,
655 317 700 343 ex
721 317 796 355 qua
815 316 954 343 omnes
964 304 1181 344 discordiae
1191 317 1389 344 accensae.
1412 304 1508 343 Pes-

98 373 210 400 sume
233 361 410 400 omnium
438 367 553 412 atque
583 360 934 411 inpudentissume,
961 360 1085 399 tibine
1117 366 1268 411 egestas
1297 361 1440 399 civium
1471 366 1510 399 et

97 418 225 456 luctus
247 429 362 456 curae
382 422 486 463 sunt,
515 417 578 455 cui
598 416 695 455 nihil
716 421 774 454 est
804 416 908 455 domi
937 416 1013 455 nisi
1033 417 1152 456 armis
1173 422 1331 468 partum
1352 422 1419 456 aut
1440 429 1510 468 per

97 473 282 512 iniuriam
298 471 318 510 ?
348 473 524 512 Alterum
548 473 794 511 consulatum
816 472 930 523 petis,
952 473 1063 523 quasi
1084 472 1254 523 primum
1271 473 1508 518 reddideris:

97 529 197 568 bello
220 529 469 568 concordiam
487 528 655 579 quaeris,
673 541 750 579 quo
768 533 875 579 parta
893 528 1156 575 disturbatum
1178 529 1302 567 nostri
1318 529 1508 580 proditor,

97 585 184 624 istis
206 584 362 631 infidus,
391 584 514 623 hostis
537 584 715 623 omnium
736 585 946 623 bonorum.
997 584 1046 623 Ut
1074 590 1112 623 te
1142 597 1272 635 neque
1300 585 1508 624 hominum

97 653 227 691 neque
249 641 410 679 deorum
432 641 565 691 pudet,
588 653 688 692 quos
710 652 782 691 per
802 640 919 679 fidem
942 646 1010 680 aut
1030 641 1201 691 periurio
1222 640 1395 684 violasti!
1433 641 1508 687 Qui

98 696 255 748 quando
275 696 362 735 talis
384 709 437 743 es,
460 708 620 735 maneas
641 696 682 734 in
704 697 901 735 sententia
923 702 961 735 et
978 697 1148 736 retineas
1169 709 1276 735 arma
1296 702 1336 735 te
1357 697 1508 742 hortor,

98 764 176 792 neu
192 752 430 803 prolatandis
448 752 719 799 seditionibus,
738 752 892 803 inquies
910 753 1005 804 ipse,
1023 765 1094 791 nos
1112 753 1151 791 in
1169 752 1430 792 sollicitudine
1447 757 1510 791 at-

96 809 234 848 tineas.
265 809 398 859 Neque
421 814 459 847 te
476 808 699 859 provinciae
721 820 850 859 neque
867 809 971 859 leges
996 820 1126 859 neque
1147 809 1185 847 di
1201 815 1363 860 penates
1385 809 1509 847 civem

96 864 312 916 patiuntur.
343 864 463 915 Perge
485 877 560 916 qua
582 870 754 915 coeptas,
778 870 821 902 ut
838 876 953 914 quam
977 870 1221 903 maturrume
1239 865 1379 904 merita
1400 865 1508 903 inve-

96 920 192 959 nias.
243 920 318 959 Vos
341 925 492 966 autem,
522 926 652 971 patres
675 920 898 971 conscripti,
928 933 1005 971 quo
1038 933 1163 971 usque
1183 921 1404 959 cunctando
1426 932 1510 959 rem

97 975 291 1027 publicam
310 977 478 1015 intutam
495 976 695 1027 patiemini
712 982 751 1015 et
767 976 895 1015 verbis
913 988 1019 1015 arma
1036 974 1308 1027 temptabitis‘?
1337 977 1509 1015 Dilectus

98 1033 305 1071 advorsum
325 1045 393 1070 vos
410 1032 542 1077 habiti,
560 1033 752 1083 pecuniae
769 1032 922 1083 publice
939 1038 977 1071 et
993 1033 1173 1083 privatim
1192 1038 1377 1078 extortae,
1395 1044 1508 1083 prae-

99 1088 196 1127 sidia
219 1088 382 1127 deducta
406 1094 521 1139 atque
543 1088 723 1139 inposita,
754 1101 799 1127 ex
821 1088 996 1127 lubidine
1016 1089 1122 1139 leges
1143 1089 1400 1139 imperantur,
1419 1100 1509 1127 cum

96 1144 254 1183 interim
275 1156 342 1182 vos
364 1145 509 1195 legatos
532 1149 570 1182 et
586 1144 738 1183 decreta
756 1144 910 1195 paratis.
944 1146 1098 1191 Quanto
1117 1145 1339 1183 mehercule
1361 1144 1509 1183 avidius

95 1212 232 1251 pacem
255 1200 459 1251 petieritis,
482 1206 590 1239 tanto
608 1199 753 1239 bellum
772 1200 897 1239 acrius
915 1202 998 1246 erit,
1019 1214 1107 1239 cum
1124 1201 1325 1251 intelleget
1342 1214 1384 1240 se
1401 1206 1509 1239 metu

143 1314 311 1345 civitatem
332 1318 397 1345 etc.
426 1313 495 1353 vgl.
527 1323 567 1343 zu
598 1312 654 1344 Or.
684 1312 765 1354 Lep.

101 1357 151 1391 12.
186 1358 254 1389 Der
270 1358 410 1398 geriigte
428 1358 676 1398 Widerspruch
694 1368 767 1389 war

101 1413 165 1434 nur
182 1402 234 1434 ein
253 1401 423 1434 formaler.
456 1402 603 1444 Lepidus
620 1401 766 1445 behaup—

95 1451 165 1479 tete
183 1448 362 1479 einerseits
381 1448 457 1487 (mit
474 1447 582 1479 vielen
596 1446 766 1487 Anderen,

96 1492 156 1524 das
172 1492 397 1532 Biirgerrecht
422 1492 470 1524 sei
496 1491 596 1532 jenen
627 1492 766 1524 St'adten

97 1547 158 1578 gar
175 1537 268 1568 nicht
284 1546 475 1576 genommen
507 1536 654 1576 worden,
686 1537 767 1568 weil

96 1591 132 1613 es
151 1582 337 1622 uberhaupt
359 1581 524 1613 rechtlich
552 1581 684 1612 keinem
709 1591 767 1621 ge-

98 1636 249 1658 nommen
275 1626 411 1658 werden
441 1626 567 1664 ko'nne3
599 1626 703 1657 daher
732 1626 766 1658 in

95 1671 210 1702 seiner
243 1670 333 1702 Rede
373 1672 457 1702 auch
495 1671 555 1702 ‹ler
587 1671 766 1702 Ausdruck

95 1717 230 1748 et'vz'tate
250 1725 312 1757 per
339 1726 444 1746 unum
467 1716 764 1758 prohibentur:

98 1760 325 1792 andererseits
359 1761 537 1800 verlangte
573 1770 611 1791 er
638 1761 766 1801 gleich-

95 1805 186 1838 wohl
204 1805 278 1837 eine
296 1805 620 1846 neueZusicherung
637 1806 766 1838 dessel-

95 1850 168 1881 ben.

145 1895 195 1926 15.
237 1895 336 1935 quasi
369 1895 524 1936 primum
557 1894 762 1928 reddideris:

94 1939 164 1979 vgl.
184 1939 237 1970 die
254 1938 584 1979 Vorbemerkungen.

139 1985 263 2015 nostri:
281 1983 427 2015 niimlieh
442 1987 598 2023 senatus;
615 1984 681 2024 vgl.
694 1984 763 2015 Cic.

95 2039 125 2071 p.
145 2029 232 2061 Sest.
254 2029 305 2068 15,
323 2028 365 2059 35
397 2038 470 2060 cum
500 2032 637 2060 senatus
664 2028 764 2060 duces

93 2073 202 2105 nullos
241 2083 281 2104 ac
313 2083 377 2116 pro
412 2072 550 2105 ducibus
573 2073 763 2116 proditores

95 2120 155 2150 aut
174 2120 287 2160 potius
314 2120 448 2160 apertos
477 2118 581 2150 hostis
608 2119 763 2156 haberet,-

95 2163 161 2194 und
180 2163 262 2194 oben
282 2173 323 2194 zu
346 2162 367 2205 ξ
388 2165 416 2194 1.
434 2180 478 2185 -
494 2162 562 2194 Der
579 2162 679 2194 Form
696 2173 764 2194 we—

93 2218 156 2248 gen
177 2207 232 2239 Or.
254 2207 342 2239 Cott.
361 2208 380 2239 3
394 2207 570 2250 parricida
588 2210 701 2240 vostri.

140 2253 232 2283 istis:
280 2252 424 2284 niimlich
459 2255 529 2284 tuis
566 2253 595 2284 d.
643 2253 663 2284 i.
700 2262 762 2294 pro

95 2306 239 2338 quorum
255 2298 385 2329 iniuria
412 2300 444 2329 te
460 2308 559 2330 arma
576 2299 699 2340 cepisse
715 2300 762 2329 si-

91 2341 213 2373 mulas.

135 2396 198 2428 per
213 2385 337 2426 fidem:
376 2386 439 2418 Die
475 2386 561 2428 fides
586 2388 761 2418 homimem

94 2430 192 2463 niiml.
221 2430 278 2472 fid.
308 2440 410 2472 quam
427 2431 574 2463 homines
590 2433 649 2463 tibi
664 2432 761 2464 habe-

93 2476 173 2506 bant
199 2476 245 2507 ist
273 2476 332 2507 das
360 2474 484 2508 Mittel.
514 2477 572 2508 der
602 2477 691 2517 Weg
719 2488 760 2508 zu

94 2520 187 2552 ihrer
227 2519 427 2560 T'auschung
461 2530 634 2560 gewesenr,
672 2522 760 2553 Aus-

839 1312 963 1344 driicke
981 1312 1048 1344 wie
1075 1323 1137 1355 per
1153 1313 1255 1355 fidem
1265 1313 1401 1355 fallere,
1419 1312 1509 1344 deci-

835 1367 915 1400 pere
938 1357 1093 1398 aliquem,
1121 1358 1194 1389 sind
1212 1357 1368 1390 bekannt.
1385 1376 1427 1380 ——
1445 1358 1510 1389 Da·-

837 1412 941 1442 gegen
956 1404 1109 1445 periurio
1126 1403 1160 1433 in
1169 1403 1278 1443 Bezug
1291 1402 1351 1434 auf
1359 1402 1519 1435 deorum.-

840 1447 992 1479 Gemeint
1020 1447 1066 1478 ist
1095 1448 1154 1479 der
1172 1448 1279 1479 Bruch
1307 1448 1365 1479 des
1383 1447 1508 1480 Geliib-

839 1492 907 1530 des,
938 1491 1085 1524 welches
1119 1492 1174 1524 die
1207 1492 1354 1524 Consuln
1386 1492 1509 1533 gethan

840 1537 954 1569 hatten
969 1561 978 1577 ,
1011 1537 1105 1569 nicht
1137 1547 1241 1577 gegen
1275 1537 1434 1569 einander
1467 1547 1509 1568 zu

839 1580 1010 1623 kampfen:
1029 1591 1057 1612 s.
1075 1582 1129 1613 die
1148 1582 1305 1615 Vorbem.

889 1627 937 1659 16.
955 1625 1108 1668 qnando:
1126 1637 1166 1657 zu
1184 1626 1252 1667 lug.
1275 1627 1350 1667 102,
1368 1627 1398 1658 9.

884 1673 1012 1712 inquies
1028 1673 1113 1714 ipse:
1130 1686 1151 1697 =
1168 1681 1243 1702 cum
1262 1673 1332 1714 ipse
1340 1673 1507 1704 eontinen-

838 1718 891 1748 ter
906 1718 953 1747 sis
969 1717 1108 1756 inquies.
1158 1716 1234 1756 vgl.
1252 1727 1293 1747 zu
1311 1716 1330 1757 ξ
1353 1717 1402 1748 11.

882 1763 1030 1803 coeptas:
1071 1761 1190 1792 Dieses
1230 1761 1375 1793 Verbum
1406 1761 1508 1794 findet

837 1806 910 1837 sich
928 1805 1072 1837 heiSall.
1093 1816 1154 1836 nur
1171 1805 1256 1837 hier.

886 1851 936 1882 17.
949 1851 1057 1882 verbis
1063 1861 1163 1882 arma
1171 1851 1386 1893 temptabitis:
1406 1861 1506 1891 „ver-

837 1896 960 1927 suchen
989 1897 1051 1927 mit
1067 1894 1213 1927 Worteu
1245 1906 1351 1936 gegen
1369 1895 1505 1927 Waffen

837 1944 943 1972 etwas
958 1940 1232 1979 auszurichten“;
1250 1940 1321 1971 also
1339 1943 1506 1983 temptare

835 1985 870 2016 in
889 1985 948 2016 der
965 1985 1159 2025 Bedeutung
1181 1984 1410 2025 ,‚augreifen“‚
1439 1986 1505 2017 wie

835 2041 866 2061 u.
888 2040 916 2061 a.
936 2029 1003 2069 lug.
1024 2030 1125 2067 48,1;
1146 2031 1199 2070 93,
1215 2031 1245 2061 6.

877 2075 1008 2117 publice
1023 2077 1056 2107 et
1069 2076 1251 2116 privatim:
1270 2073 1390 2105 zuCat.
1412 2074 1505 2113 11,6.

880 2119 1020 2151 deducta
1049 2124 1113 2151 etc.
1143 2135 1158 2145 =
1190 2118 1327 2151 deducta
1354 2129 1400 2150 ecc
1427 2118 1506 2150 aliis

835 2165 994 2205 urbibus,
1017 2166 1052 2195 in
1075 2164 1154 2196 aliis
1176 2166 1332 2206 inposita,
1359 2164 1505 2195 niimlich

831 2207 867 2248 je
897 2211 979 2241 nach
1008 2211 1080 2241 dem
1097 2209 1282 2242 verhalten
1311 2209 1370 2240 der
1388 2208 1504 2240 St'aidte

837 2264 877 2285 zu
895 2255 955 2285 der
971 2254 1077 2287 Sache
1094 2254 1152 2286 des
1171 2254 1331 2296 Lepidus.

879 2309 957 2330 cum
973 2301 1126 2332 interim:
1145 2310 1186 2330 zu
1204 2299 1262 2330 Or.
1281 2298 1368 2330 Cott.
1390 2299 1421 2329 7.

878 2344 1076 2376 mehercule:
1096 2354 1137 2374 zu
1155 2343 1226 2375 Cat.
1246 2344 1298 2383 52,
1320 2343 1373 2374 35.

878 2391 983 2419 metu:
1015 2389 1157 2420 niimlich
1188 2389 1245 2429 qai
1258 2389 1293 2418 in
1311 2388 1402 2420 vobis
1431 2390 1502 2424 εει,-

834 2432 1046 2473 desgleichen
1070 2434 1117 2464 ist
1148 2433 1201 2465 bei
1231 2442 1333 2474 aequo
1361 2435 1392 2464 et
1419 2433 1501 2464 bono

835 2477 915 2518 (vgl.
944 2479 997 2509 ius
1021 2478 1208 2519 bonumque
1233 2477 1304 2509 Cat.
1332 2477 1364 2518 9,
1398 2479 1428 2517 1)
1461 2488 1503 2508 zu

833 2522 1007 2564 suppliren
1035 2522 1121 2564 qnod
1143 2521 1233 2565 apud
1248 2533 1304 2554 vos
1320 2522 1429 2554 valere
1445 2521 1503 2554 de-

1539 314 1579 346 15

1542 650 1580 682 16

1540 927 1580 959 17
