1720 2875
445 116 502 148 DE
520 115 660 148 BELLO
686 114 888 149 IUGURTH.
929 115 964 148 C.
983 115 1127 148 18—20.

1414 117 1491 154 117

91 219 240 271 Leptim
262 218 436 270 aliasque
456 217 565 257 urbis
586 218 625 256 in
647 229 715 256 ora
735 217 943 256 marituma
965 217 1194 262 condidere,
1222 230 1367 269 eaeque
1388 216 1496 256 brevi

89 276 258 315 multum
280 282 414 314 auctae
436 287 525 326 pars
547 274 763 324 originibus
784 274 865 312 suis
886 274 1078 324 praesidio
1100 273 1195 312 aliae
1216 274 1348 313 decori
1369 273 1493 312 fuere.

89 332 188 371 Nam
209 332 256 370 de
274 331 504 382 Carthagine
527 331 641 368 silere
663 329 801 368 melius
823 336 918 381 puto
940 343 1057 381 quam
1078 342 1215 380 parum
1234 330 1373 376 dicere,
1397 341 1500 381 quo-
1523 339 1542 370 2

91 389 191 427 niam
215 388 288 427 alio
311 399 521 439 properare
541 392 696 436 tempus
719 391 866 424 monet.
897 387 1020 437 Igitur
1041 387 1089 425 ad
1112 386 1407 433 Catabathmon,
1430 386 1498 437 qui
1523 394 1542 424 3

89 448 197 484 locus
214 445 430 495 Aegyptum
446 443 493 482 ab
504 442 630 481 Africa
648 442 796 488 dividit,
815 443 989 481 secundo
1007 442 1105 481 mari
1122 443 1248 494 prima
1259 444 1409 494 Cyrene
1426 448 1498 488 est,

90 501 239 540 colonia
261 501 482 543 Theraeon‚
511 512 555 537 ac
575 498 759 550 deinceps
781 499 878 538 duae
901 499 1034 550 Syrtes
1054 499 1236 550 interque
1266 512 1331 538 eas
1354 499 1498 551 Leptis,

91 557 231 596 deinde
250 557 461 595 Philaenon
484 568 584 600 arae,
606 567 724 607 quem
745 556 872 594 locum
892 556 1107 607 Aegyptum
1129 568 1265 594 vorsus
1287 556 1406 594 finem
1422 556 1498 595 im-

90 613 172 664 peri
192 612 361 651 habuere
382 611 737 662 Carthaginienses,
760 618 851 662 post
872 612 967 650 aliae
990 612 1161 651 Punicae
1183 612 1311 651 urbes.
1359 614 1494 651 Cetera
1520 618 1542 650 4

89 671 171 708 loca
191 680 317 719 usque
336 668 382 706 ad
404 667 684 707 Mauretaniam
707 669 895 707 Numidae
928 674 1083 715 tenent,
1112 669 1291 720 proxumi
1315 668 1499 720 Hispania

89 725 212 764 Mauri
231 730 338 763 sunt.
370 724 498 775 Super
518 725 738 763 Numidiam
760 725 942 763 Gaetulos
964 725 1185 776 accepimus
1208 725 1349 776 partim
1371 725 1411 763 in
1434 731 1497 764 tu-
1524 732 1543 762 5

88 781 206 833 guriis
223 782 318 820 alios
334 781 519 819 incultius
538 793 651 831 vagos
668 781 822 831 agitare,
834 788 924 832 post
940 794 1007 820 eos
1016 782 1226 833 Aethiopas
1238 795 1336 828 esse,
1360 782 1501 820 dehinc
1525 788 1545 819 6

88 840 170 878 loca
192 843 326 876 exusta
350 838 442 876 solis
464 837 680 876 ardoribus.
726 837 848 888 Igitur
867 838 967 876 bello
989 838 1219 888 Iugurthino
1241 840 1426 889 pleraque
1451 850 1497 876 ex
1524 844 1542 874 7

90 894 246 933 Punicis
263 894 403 945 oppida
421 899 459 931 et
474 894 561 932 finis
571 894 969 944 Carthaginiensium,
987 907 1086 945 quos
1105 895 1331 933 novissume
1348 894 1497 933 habue-

88 956 188 997 rant,
211 954 377 1002 populus
396 951 595 989 Romanus
617 962 687 1001 per
708 951 954 1001 magistratus
976 951 1288 996 administrabat3
1311 951 1496 989 Gaetulo-

88 1019 176 1046 rum
194 1019 332 1058 magna
348 1020 438 1058 pars
455 1013 494 1045 et
509 1007 700 1045 Numidae
716 1019 839 1058 usque
856 1008 902 1046 ad
921 1008 1067 1046 flumen
1083 1008 1327 1047 Muluccham
1344 1008 1416 1046 sub
1432 1007 1498 1045 Iu-

89 1064 227 1115 gurtha
250 1072 379 1106 erant·
398 1063 543 1102 Mauris
566 1063 749 1102 omnibus
769 1076 838 1102 rex
858 1064 1034 1103 Bocchus
1055 1064 1321 1115 imperitabat,
1344 1069 1499 1115 praeter

90 1133 235 1159 nomen
256 1126 383 1158 cetera
404 1120 564 1170 ignaius
585 1112 900 1171 populiRdmani
920 1121 1094 1172 itemque
1116 1120 1229 1160 nohis
1251 1133 1379 1173 neque
1395 1120 1497 1159 bello

91 1189 216 1228 neque
237 1189 361 1227 pac-e(
350 1181 463 1215 antea
486 1177 677 1226 cognitus.
711 1177 766 1215 De
787 1177 915 1216 Africa
937 1183 974 1215 et
997 1178 1079 1216 eius
1101 1178 1237 1216 incolis
1258 1177 1305 1215 ad
1327 1177 1501 1216 necessi-
1528 1182 1547 1214 8

91 1234 269 1272 tudinem
290 1233 347 1272 rei
369 1233 461 1271 satis
483 1233 642 1271 dictum.

202 1289 413 1339 Postquam
425 1289 546 1327 diviso
557 1301 677 1339 regno
689 1289 803 1339 legati
812 1289 938 1328 Africa
952 1290 1154 1328 decessere
1165 1295 1203 1328 et
1211 1290 1393 1341 Iugurtha
1403 1300 1501 1328 con·
1520 1296 1575 1331 20

91 1352 146 1384 tra
168 1345 349 1383 timerem
372 1345 490 1383 animi
512 1346 684 1395 praemia
706 1346 861 1384 sceleris
884 1346 1067 1396 adeptum
1089 1359 1176 1385 sese
1197 1347 1317 1389 videt,
1349 1350 1497 1385 certum

90 1415 173 1441 esse
200 1407 328 1446 ratus,
363 1402 467 1453 quod
491 1413 537 1440 ex
559 1402 692 1440 amicis
715 1402 818 1452 apud
840 1402 1091 1441 Numantiam
1115 1408 1337 1453 acceperat,
1368 1402 1499 1441 omnia

89 1479 206 1512 Africa
236 1480 393 1520 gelegen:
430 1481 577 1521 dagegen
613 1480 759 1511 nachher

90 1525 111 1567 ξ
129 1526 148 1556 3
166 1526 290 1566 gewiss
309 1524 417 1567 Leptis
434 1535 574 1566 magna,
592 1525 642 1556 his
660 1525 758 1556 dahin

91 1571 176 1601 noch
199 1570 390 1601 aul'serhalb
422 1570 611 1601 derselben.
639 1589 681 1593 —
699 1571 758 1602 Die

91 1615 396 1655 Niederlassungen
449 1615 509 1646 der
555 1615 673 1647 Phoen.
724 1616 758 1646 in

90 1659 207 1691 Africa
246 1659 416 1700 hegannen
450 1661 551 1691 sehon
585 1671 637 1691 uin
674 1662 757 1693 1100

89 1716 120 1737 ν.
140 1704 217 1736 Chr.

134 1750 338 1791 originibus:
356 1749 677 1790 ‚‚Mutte1·st'aidten“.

99 1822 106 1831 ,
136 1795 166 1826 2.
192 1805 290 1826 nam:
309 1805 349 1825 zu
366 1796 438 1826 Cat.
458 1796 511 1834 58,
531 1796 583 1826 20.

134 1841 165 1871 3.
190 1839 335 1871 secundo
351 1841 461 1872 mari:
493 1840 677 1882 cigentlich
693 1850 754 1880 „so

90 1886 165 1917 dass
191 1886 250 1917 das
267 1883 361 1917 Meet·
389 1885 547 1927 mitfolgt,
576 1887 605 1917 d.
635 1885 666 1917 h.
695 1896 756 1917 zur

91 1930 181 1962 Seite
213 1930 270 1961 des
295 1930 481 1962 Reisenden
511 1931 648 1971 bleibt“‚
683 1931 754 1963 also

90 1986 163 2015 „am
181 1975 294 2008 Meere
312 1976 482 2016 entlang“.
524 1976 599 2008 Man
618 1977 760 2008 braucht

90 2020 187 2052 dabei
215 2021 317 2058 nicht,
347 2021 412 2052 wie
436 2021 488 2052 hei
517 2021 659 2053 secundo
681 2021 757 2063 flu·-

89 2067 190 2106 mz'ne,
220 2076 259 2097 an
290 2065 344 2096 die
362 2066 540 2107 Stro'mung
558 2077 598 2097 zu
617 2067 757 2106 denken‚

90 2111 218 2143 welche
234 2111 405 2151 iiberdies,
433 2111 499 2142 wie
524 2113 609 2143 auch
627 2112 681 2142 die
697 2112 757 2142 Al-

90 2161 144 2187 ten
174 2160 336 2195 wussten,
365 2167 404 2188 an
434 2157 493 2188 der
522 2155 618 2188 afric.
649 2155 756 2188 Riiste

91 2211 156 2231 von
173 2201 275 2232 West
293 2202 377 2233 nach
394 2201 457 2233 Ost
474 2202 559 2242 geht

141 2243 329 2278 Ther-aeon.-
356 2248 532 2292 Θηραίων,
550 2257 615 2278 von
633 2246 756 2286 Phera,

92 2290 186 2321 einer
202 2291 261 2322 der
268 2290 442 2334 Kykladen
451 2293 511 2323 mit
527 2291 756 2334 spart-‘misch-

93 2335 268 2367 dorischffl
286 2337 531 2377 Bevtilkerung.

137 2379 223 2412 duae
250 2380 383 2423 Syrtes:
418 2382 472 2413 die
507 2381 650 2423 grosse
686 2384 757 2414 tist-

91 2425 190 2465 liche,
218 2427 302 2457 auch
320 2425 529 2468 Psyllischer
545 2427 757 2465 Meerbuseu.

92 2471 158 2502 und
190 2471 244 2502 die
278 2471 422 2503 kleine
455 2472 644 2513 westliche,
677 2473 760 2504 auch

95 2513 366 2548 Kerkinitischer
398 2516 609 2549 Meerbusen.
662 2518 759 2550 Mehr

92 2561 238 2592 dariiber
255 2562 319 2592 und
337 2561 420 2592 iiber
437 2561 590 2594 Amator
606 2563 682 2604 Cap.
704 2563 758 2594 78.

877 1480 1013 1513 deinde:
1044 1481 1097 1512 die
1115 1482 1261 1522 Sto‘ruug
1279 1482 1339 1513 der
1355 1480 1499 1513 Reihen-

831 1524 921 1566 folge
939 1545 982 1549 -—
1000 1527 1084 1557 deun
1103 1526 1156 1558 die
1180 1527 1365 1558 φιλαίνων
1380 1528 1501 1568 βωμοί

832 1572 990 1604 ‹dax-iiber
1007 1572 1084 1613 Cap.
1104 1572 1158 1611 79)
1177 1572 1273 1611 lagen
1292 1571 1417 1603 &stlieh
1435 1581 1499 1602 von

832 1616 948 1657 Leptis
968 1635 1009 1638 —
1035 1618 1132 1648 riihrt
1160 1617 1249 1648 wohl
1278 1617 1392 1655 daher,
1421 1616 1499 1648 dass

831 1661 912 1693 Sall.
924 1672 961 1693 so
979 1662 1122 1702 gedacht
1138 1662 1195 1693 hat
1206 1662 1382 1704 „deinceps
1391 1661 1500 1693 altera

832 1706 988 1748 Syrtium
1006 1726 1048 1729 —
1075 1709 1155 1738 sunt
1182 1709 1272 1738 em'm.
1301 1706 1387 1738 dnae
1415 1705 1497 1749 Syr-

830 1755 880 1783 tes
912 1754 1063 1793 interque
1095 1763 1152 1783 eas
1180 1751 1290 1795 Leptis
1313 1770 1354 1775 —-
1379 1751 1497 1783 deinde

830 1797 915 1828 Phil.
934 1807 1023 1829 arae.

873 1864 914 1897 al.
935 1866 1022 1899 Pun.
1051 1867 1158 1898 urbes.
1191 1865 1272 1897 Sall.
1303 1866 1407 1898 meiat
1436 1876 1499 1897 nur

828 1910 882 1942 die
912 1911 955 1942 im
979 1911 1133 1952 karthag,
1155 1910 1277 1943 Gebiet
1302 1911 1497 1951 liegendem

831 1956 915 1988 deun
934 1957 1018 1988 auch
1046 1967 1086 1988 an
1111 1957 1170 1988 der
1199 1955 1305 1989 Kiiste
1334 1967 1399 1988 von
1428 1956 1499 1989 Nu—

830 2001 951 2032 midien
993 2002 1059 2032 und
1105 2001 1342 2034 Mauretanien
1382 2011 1497 2033 waren

830 2046 986 2078 ziemlich
1026 2047 1093 2078 alle
1140 2047 1231 2079 alten
1273 2047 1390 2078 Stiidte
1439 2057 1496 2077 ur-

829 2092 1025 2134 spriinglich
1071 2092 1373 2124 Handelscolonien
1431 2101 1496 2122 von

828 2134 1012 2177 Barth-agn.

875 2206 905 2236 5.
932 2215 1055 2246 super.-
1071 2215 1113 2236 zu
1133 2205 1186 2246 18,
1207 2205 1258 2236 12.

875 2268 904 2299 7.
927 2267 1087 2310 pleraque
1102 2279 1147 2300 eae
1164 2269 1250 2300 Pun.
1276 2278 1349 2310 opp.
1370 2271 1495 2300 constr.

830 2313 893 2344 wie
925 2315 987 2354 30,
1019 2314 1040 2344 4
1071 2323 1175 2344 unam
1206 2323 1250 2344 ew
1281 2316 1350 2344 tam
1383 2313 1498 2345 multis

830 2359 1017 2390 oratzonem
1035 2359 1117 2389 eius.

873 2425 936 2458 per
945 2425 1037 2456 magu
1049 2413 1230 2447 admmistr
1230 2415 1326 2446 abat:
1341 2415 1390 2446 als
1400 2415 1422 2447 P
1431 2425 1448 2446 r
1457 2428 1500 2446 υ-

830 2470 851 2490 v
862 2460 874 2491 i
882 2471 901 2491 n
910 2471 927 2490 z
944 2458 1072 2491 Africa.

876 2516 1108 2549 Muluccham:
1139 2517 1224 2548 auch
1240 2515 1422 2549 Molochath
1438 2527 1498 2557 ge-

831 2567 949 2601 nanntg
963 2562 1053 2603 jetzt
1070 2561 1229 2594 Maluwia
1247 2562 1296 2593 od.
1318 2561 1460 2604 Maluja.
