1720 2875
433 119 489 151 DE
513 117 654 151 BELLO
679 117 882 151 IUGURTH.
931 117 966 149 C.
992 117 1137 149 73—75.
1409 120 1487 158 175

79 222 252 276 perfugis
274 227 313 261 et
334 227 443 273 parte
464 221 658 272 equitatus
679 220 720 258 in
742 220 983 266 solitudines,
1007 219 1096 258 dein
1114 219 1275 258 Thalam
1298 219 1486 270 pervenit,

83 281 124 318 in
147 279 336 330 oppidum
360 290 544 328 magnum
567 282 682 327 atque
703 276 944 326 opulentum,
968 275 1032 314 ubi
1053 275 1229 326 plerique
1251 275 1421 314 thesauri
1443 276 1491 313 fi-

80 337 300 386 liorumque
322 334 404 374 eius
422 334 566 373 multus
583 333 773 383 pueritiae
789 333 916 371 cultus
934 338 1027 371 erat.
1060 334 1166 379 Quae
1179 337 1385 383 postquam
1405 332 1489 371 Me-
1515 339 1534 371 2

82 392 173 432 tello
195 398 393 442 comperta
415 397 520 435 sunt,
542 401 780 440 quamquam
801 389 905 427 inter
916 389 1072 427 Thalam
1097 389 1321 439 flumenque
1342 400 1486 439 proxu—

81 461 192 488 mum
222 448 261 486 in
290 447 414 498 spatio
443 446 590 484 milium
615 445 894 496 quinquaginta
915 445 996 483 loca
1017 445 1124 483 arida
1145 450 1261 495 atque
1278 450 1381 483 vasta
1403 457 1488 484 esse

82 509 329 556 cognoverat,
350 508 483 541 tamen
504 514 573 553 spe
593 501 772 552 patrandi
792 501 893 544 belli,
912 501 944 540 si
959 501 1042 539 eius
1061 501 1193 552 oppidi
1210 501 1356 552 potitus
1373 501 1487 546 foret,

83 561 209 600 omnis
231 559 456 610 asperitates
479 558 738 609 supervadere
756 571 799 597 ac
815 564 994 597 naturam
1009 558 1124 596 etiam
1142 557 1293 596 vincere
1311 557 1489 608 aggredi-

82 625 157 656 tur.
204 616 326 666 Igitur
357 615 487 653 omnia
515 615 691 653 iumenta
722 614 885 653 sarcinis
914 614 1031 653 levari
1058 614 1164 652 iubet
1196 613 1271 652 nisi
1292 614 1490 652 frumento
1517 620 1536 652 3

83 674 233 713 dierum
257 672 410 716 decem,
433 676 606 710 ceterum
631 670 726 710 utris
749 672 865 710 modo
889 676 926 710 et
947 670 1016 709 alia
1039 683 1159 721 aquae
1175 670 1314 709 idonea
1332 670 1490 720 portari.

82 731 287 768 Praeterea
309 727 506 778 conquirit
527 740 572 766 ex
594 727 693 777 agris
725 740 841 778 quam
862 727 1089 778 plurumum
1110 732 1241 777 potest
1262 726 1400 764 domiti
1420 739 1491 777 pe-
1517 735 1537 765 4

82 785 204 832 coris,
226 797 271 823 eo
293 784 445 835 inponit
467 797 553 822 vasa
575 784 766 834 cuiusque
787 783 912 829 modi,
942 783 1009 822 sed
1032 784 1216 834 pleraque
1237 783 1380 833 lignea,
1411 783 1492 821 col-

81 843 178 882 lecta
201 854 247 880 ex
268 840 429 891 tuguriis
453 840 722 879 Numidarum.
765 840 823 878 Ad
844 840 917 878 hoc
937 839 1126 877 finitumis
1148 840 1332 889 imperat,
1364 838 1431 890 qui
1451 851 1492 877 se
1517 848 1536 879 5

81 904 169 950 post
205 897 308 947 regis
335 897 465 948 fugam
493 896 646 935 Metello
678 896 887 941 dederant,
926 908 1043 946 quam
1070 895 1297 946 plurumum
1328 896 1491 946 quisque

82 967 203 1006 aquae
232 959 427 1004 portaret;
457 953 557 992 diem
582 953 809 1003 locumque,
839 952 901 991 ubi
927 958 1081 1002 praesto
1103 952 1259 996 forent,
1285 951 1489 1002 praedicit;

78 1011 162 1062 ipse
184 1023 231 1049 ex
252 1011 426 1053 flumine,
447 1022 563 1061 quam
583 1021 815 1060 proxumam
837 1009 978 1060 oppido
996 1021 1137 1059 aquam
1155 1021 1238 1047 esse
1255 1020 1370 1059 supra
1389 1008 1487 1046 dixi-
1514 1015 1532 1047 6

80 1080 180 1113 mus,
203 1067 376 1105 iumenta
398 1071 553 1104 onerat:
585 1078 627 1104 eo
650 1066 766 1104 modo
789 1066 1003 1104 instructus
1026 1064 1072 1104 ad
1094 1064 1253 1103 Thalam
1276 1064 1491 1115 proficisci-

81 1129 156 1162 tur.
197 1123 357 1165 Deinde,
379 1122 446 1161 ubi
467 1122 513 1161 ad
536 1122 574 1160 id
595 1121 669 1160 loci
686 1127 859 1168 ventum,
877 1134 954 1172 quo
975 1121 1153 1159 Numidis
1170 1126 1433 1172 praeceperat,
1452 1127 1491 1159 et
1518 1128 1536 1158 7

81 1185 204 1219 castra
225 1180 351 1230 posita
369 1179 598 1230 munitaque
615 1184 720 1222 sunt,
737 1184 844 1217 tanta
860 1183 1022 1228 repente
1041 1178 1143 1216 caelo
1162 1177 1279 1216 missa
1296 1178 1350 1215 vis
1369 1190 1491 1228 aquae

58 1236 241 1281 *dicitur‚
274 1241 317 1274 ut
345 1248 387 1274 ea
418 1235 536 1273 modo
565 1234 750 1274 exercitui
781 1235 875 1273 satis
905 1246 1102 1285 superque
1129 1234 1245 1272 foret.
1286 1234 1491 1273 Praeterea
1517 1240 1536 1272 8

81 1298 322 1331 commeatus
353 1304 421 1342 spe
443 1291 626 1342 amplior,
656 1291 744 1342 quia
766 1291 974 1334 Numidae,
1003 1290 1115 1329 sicuti
1136 1290 1311 1341 plerique
1333 1291 1374 1328 in
1395 1302 1493 1330 nova

80 1348 299 1394 deditione,
332 1347 456 1386 officia
484 1348 746 1386 intenderant.
789 1347 971 1386 Ceterum
994 1347 1135 1385 milites
1156 1347 1342 1397 religione
1364 1347 1491 1398 pluvia
1516 1354 1535 1386 9

824 1439 1031 1474 intererant;
1065 1436 1208 1478 s.§103
1243 1437 1315 1469 also
1350 1437 1491 1479 speciell

80 1439 254 1480 inpensius
277 1437 410 1469 bezieht
438 1437 510 1468 sich
532 1437 606 1469 hier
627 1435 687 1468 auf
699 1437 752 1468 die

824 1481 883 1514 auf
908 1484 961 1514 die
988 1482 1250 1514 sseschaffenheit
1278 1483 1337 1514 der
1355 1482 1490 1523 Gegend
1515 1500 1518 1501 ν

81 1482 200 1515 St'arke
218 1483 275 1514 des
294 1481 444 1514 Gefiihls.

130 1526 290 1560 Thalam.-
312 1528 396 1558 auch
416 1525 569 1570 Thelepte
592 1532 750 1568 genanut,

80 1572 123 1605 20
156 1583 269 1614 geogr.
304 1570 349 1603 M.
381 1572 515 1604 siidlich
546 1583 610 1603 von
644 1572 751 1604 Sicca.

81 1618 194 1658 Gegen
211 1617 265 1649 die
282 1617 453 1657 Meinung,
477 1618 554 1649 dass
571 1618 662 1649 diese
683 1618 751 1649 Na-

79 1673 154 1695 men
178 1662 419 1694 verschiedene
447 1662 529 1694 Orte
554 1663 751 1694 bezeichuet

78 1708 194 1739 hatten
206 1708 271 1739 und
281 1707 464 1739 dassThala
475 1708 637 1739 vielmehr
647 1713 750 1740 west-

79 1753 148 1784 lich
171 1763 235 1784 von
255 1752 350 1784 Cirta
369 1763 409 1783 zu
427 1753 549 1784 suchen
568 1753 616 1784 sci
635 1753 750 1791 (1111116-

79 1808 134 1829 res
148 1797 315 1837 beiCless,
333 1798 426 1828 Anm.
437 1809 478 1828 zu
488 1799 516 1828 d.
530 1799 606 1838 St),
621 1798 749 1839 spi-icht

80 1854 111 1874 u.
132 1853 159 1874 a.
181 1843 238 1874 das
259 1844 312 1883 77,
333 1844 348 1875 1
373 1843 523 1875 erza'hlte
541 1843 748 1875 Erscheinen

80 1887 139 1919 der
165 1886 355 1920 Gesandten
379 1899 444 1920 von
467 1887 584 1930 Leptis
608 1889 660 1920 bei
678 1887 748 1920 Me-

80 1932 194 1964 tellus.

125 1977 254 2009 cultus.-
293 1976 432 2009 umfasst
473 1978 529 2017 (im
568 1983 746 2010 concreten

82 2022 195 2062 Sinne,
214 2023 281 2054 wie
299 2022 369 2054 Cat.
388 2023 442 2062 48,
469 2024 499 2061 2)
518 2023 585 2054 alle
610 2022 747 2054 Bediirf-

79 2067 181 2108 nisse,
201 2068 254 2099 die
271 2067 352 2099 iiber
369 2067 422 2098 die
440 2066 546 2099 blol'se
560 2068 747 2109 Erhaltung

80 2113 137 2144 des
147 2112 327 2144 leiblichen
335 2111 464 2144 Lehens
474 2112 745 2153 hinuusreichen3

82 2157 152 2188 also
167 2160 335 2199 pueritiae
351 2157 464 2190 cultus
482 2158 534 2189 die
552 2169 624 2189 zum
656 2163 747 2190 stan-

80 2202 300 2243 desmiil'sigen
314 2203 490 2235 Unterhalt
507 2203 571 2234 und
588 2214 649 2235 zur
657 2203 745 2235 Aus-

82 2251 232 2288 stattung
264 2248 323 2280 der
355 2248 567 2288 koniglichen
608 2247 745 2280 Knaben

81 2292 263 2332 gehiirigen
281 2293 396 2334 Dinge.

127 2336 156 2367 2.
184 2338 219 2368 in
249 2339 376 2379 spatio:
414 2338 617 2378 „innerhalb
651 2339 744 2371 eines

80 2379 265 2421 Raumes“3
298 2383 351 2415 die
380 2382 537 2425 Praepos.
568 2394 643 2415 vom
662 2383 745 2415 Orte

81 2426 265 2466 gebraucht
288 2428 352 2459 wie
377 2438 441 2459 von
469 2430 528 2461 der
545 2430 622 2462 Zeit
640 2429 692 2461 bei
709 2431 744 2460 in

80 2471 145 2512 die,
162 2473 199 2502 z'n
211 2482 309 2504 αηηο.
327 2473 377 2504 Zu
391 2474 497 2516 suppl.
507 2475 553 2507 ist
567 2485 745 2518 passuum.

80 2516 146 2548 wie
164 2517 217 2557 91,
237 2518 274 2553 33
298 2518 370 2558 106,
390 2519 420 2549 5.

125 2564 342 2605 asperitates:
356 2563 496 2596 niimlich
503 2564 649 2597 locorum
663 2575 747 2606 quae

825 1528 1018 1569 beziiglich‚
1052 1528 1207 1559 wahrend
1245 1527 1303 1559 das
1334 1526 1489 1567 folgende

824 1583 863 1604 ac
879 1575 1039 1605 naturam
1058 1577 1122 1604 etc.
1147 1573 1243 1604 einen
1272 1583 1355 1613 ganz
1381 1573 1489 1613 allge-

823 1618 951 1649 meinen
971 1617 1149 1650 Gedanken
1169 1617 1309 1649 enthiilt.

868 1666 1029 1695 naturam
1049 1686 1056 1694 .
1076 1687 1082 1693 .
1102 1687 1109 1694 .
1128 1664 1257 1694 vincere
1269 1674 1279 1693 :
1296 1677 1310 1688 =
1334 1662 1415 1705 plus
1429 1662 1489 1704 fa-

822 1718 894 1740 cere
909 1719 1006 1750 quam
1019 1718 1079 1750 per
1101 1718 1217 1740 rerum
1246 1708 1340 1747 (oder
1367 1709 1489 1739 huma-

821 1764 912 1785 nam)
933 1756 1092 1785 natm-am
1113 1754 1198 1794 fieri
1216 1763 1314 1796 posse
1340 1753 1491 1790 videtum·

821 1798 876 1830 ein
918 1798 1095 1830 Ausdruck
1139 1809 1203 1830 von
1248 1796 1490 1830 umfassendem

820 1844 902 1875 Sinn
933 1843 998 1874 und
1016 1843 1339 1886 spriichwo'rtlicher
1367 1843 1488 1884 Natur,

820 1889 892 1920 dem
927 1889 1108 1920 deutschen
1143 1889 1235 1928 „das
1272 1888 1487 1928 Unmb'gliche

820 1934 964 1975 moglich
1010 1934 1175 1965 machen“
1224 1934 1485 1974 entsprechend;

821 1980 901 2011 eben
919 1990 956 2010 so
976 1980 1026 2020 76,
1057 1979 1092 2014 1.·,
1118 1979 1185 2019 vgl.
1210 1978 1304 2010 Caes.
1325 1979 1355 2010 Β.
1385 1979 1424 2011 G.
1455 1979 1486 2020 6,

820 2025 873 2063 43,
897 2026 916 2055 5
942 2027 981 2055 ut
1000 2049 1007 2056 .
1028 2050 1034 2055 .
1050 2034 1156 2066 paene
1179 2027 1343 2055 naturam
1373 2023 1486 2055 studio

818 2071 996 2102 vincerent.

864 2116 895 2146 4.
923 2125 980 2146 eo.-
999 2125 1039 2145 zu
1058 2115 1112 2152 47,
1131 2114 1160 2145 2.

865 2161 895 2191 6.
920 2169 1150 2202 pron-umam:
1177 2159 1403 2200 cigentlicher
1426 2159 1489 2191 Su-

818 2204 1071 2247 perl.wie§2in
1082 2205 1151 2235 dem
1163 2204 1489 2241 Sinue,dasseskei-

819 2260 881 2281 nen
896 2250 1042 2282 niiheren
1054 2249 1148 2281 Fluss
1165 2250 1217 2281 bei
1231 2251 1290 2281 der
1301 2249 1398 2281 stadt
1415 2249 1487 2290 gab.

863 2296 892 2326 7.
917 2306 957 2326 ea
973 2295 1085 2326 modo.-
1105 2296 1231 2335 „schon
1252 2296 1363 2326 dieses
1384 2294 1488 2327 §Vas-

818 2341 916 2380 se1·“;
948 2341 980 2371 in
1010 2339 1107 2371 modo
1138 2340 1222 2380 liegt
1253 2341 1360 2379 „auch
1391 2349 1486 2371 wenn

817 2385 933 2417 keines
951 2385 1172 2426 mitgebracht
1201 2385 1337 2416 worden
1368 2385 1483 2417 wiire“

818 2430 899 2462 oder
925 2431 1006 2470 ,das
1037 2430 1278 2469 mitgebrachte
1306 2440 1367 2470 gar
1395 2431 1487 2462 nicht

817 2475 1033 2515 gerechnet“.

864 2521 894 2552 8.
919 2522 955 2551 in
985 2530 1068 2552 nova
1097 2519 1279 2552 deditione.-
1304 2536 1319 2548 =
1345 2522 1404 2553 ubi
1431 2532 1486 2554 res

818 2575 901 2597 ηουα
917 2568 966 2597 est
983 2565 1116 2597 deditio.
