1720 2875
81 818 132 854 45

155 150 208 191 62
642 151 678 185 c,
707 148 912 183 SALLUSTI
937 148 1070 183 emsri

154 253 315 292 domum
339 257 546 304 pergerent
567 264 656 291 cuin
679 252 838 292 Catilina
860 253 945 292 data
968 258 1084 305 atque
1106 258 1259 305 accepta
1294 254 1371 303 fide
1399 256 1564 296 societa-

109 315 130 346 4
155 316 237 349 tem
258 309 669 360 conlirma1ent.1pse
693 309 886 348 Volturcio
908 309 1054 349 litteras
1075 310 1119 349 ad
1143 301 1345 350 Catilinam
1366 312 1442 358 dat,
1465 325 1562 365 qua-

154 378 242 404 rum
264 365 486 416 exemplum
508 364 609 404 infra
631 366 821 417 scriptum
843 371 920 405 est:

268 422 391 468 „Quis
413 421 502 467 sim,
525 434 572 460 ex
593 434 638 461 eo
660 435 778 474 quem
800 423 846 461 ad
868 429 906 461 te
927 422 1013 461 misi
1036 434 1260 473 cognosces.
1306 422 1381 462 Fac
1401 424 1561 474 cogites,

153 479 193 518 in
214 484 358 528 quanta
379 477 592 517 calamitate
611 479 677 525 sis,
701 484 738 518 et
760 478 985 518 memineris
1005 484 1044 518 te
1061 480 1187 518 virum
1205 491 1307 526 esse3
1328 480 1563 527 consideres,

155 534 246 586 quid
269 539 357 573 tuae
378 534 550 573 rationes
572 536 795 586 postulent3
819 535 1001 574 auxilium
1024 541 1132 587 petas
1155 536 1200 574 ali
1223 535 1423 582 omnibus,
1446 536 1561 576 etiam

156 591 202 629 ab
223 590 409 629 intimis.“

267 647 324 686 Ad
346 647 418 686 hoc
439 647 616 686 mandata
638 647 762 687 verbis
784 647 868 687 dat:
890 659 978 687 cum
1001 647 1046 686 ab
1069 654 1208 687 senatu
1226 648 1348 687 hostis
1370 649 1563 688 iudicatus

154 703 217 748 sit,
241 715 318 755 quo
340 704 502 743 consilio
520 704 677 743 servitia
693 702 901 755 repudiet?
924 705 963 742 in
987 704 1081 743 urhe
1102 711 1232 756 parata
1255 717 1342 743 esse
1364 718 1461 757 quae
1482 706 1565 745 ius-

154 760 270 803 serit:
288 772 337 799 ne
360 765 566 799 cunctetur
583 761 665 811 ipse
687 761 846 812 propius
867 761 1062 800 accedere.

267 817 335 856 His
356 816 474 856 rebus
497 817 548 856 ita
566 818 671 864 actis,
709 817 921 856 constituta
959 822 1072 856 nocte
1109 829 1182 868 qua
1212 817 1563 868 proficiscerentur,

154 872 287 912 Cicero
304 885 373 924 per
394 874 537 924 legatos
559 881 696 913 cuncta
719 874 881 913 edoctus
912 874 950 912 L.
975 873 1122 913 Valerio
1145 873 1278 912 Flacco
1310 879 1347 913 et
1375 873 1415 913 C.
1447 874 1564 912 Pom-

154 929 262 981 ptino
285 930 526 981 praetoribus
547 930 732 982 imperat,
757 936 801 969 ut
822 931 861 968 in
883 936 1002 981 ponte
1025 930 1167 969 Mulvio
1190 942 1257 981 per
1279 930 1436 969 insidias
1458 930 1564 970 Allo—

153 986 318 1037 brogum
341 987 545 1026 comitatus
568 987 886 1039 deprehen(lant;
917 999 998 1025 rein
1021 999 1179 1025 omnem
1197 987 1329 1037 aperit,
1345 987 1455 1026 cuius
1476 999 1564 1037 gra-

109 1049 128 1081 2
154 1043 205 1082 tia
228 1043 506 1087 mittebantum
528 1049 669 1089 cetera,
692 1044 747 1082 uti
769 1044 870 1082 facto
888 1056 984 1095 opus
1004 1045 1065 1087 sit,
1084 1043 1472 1094 itaagantpermittit.
1495 1044 1563 1085 llli,

155 1099 334 1138 homines
353 1100 549 1146 militares,
567 1101 652 1139 sine
669 1101 836 1139 tumultu
855 1100 1054 1151 praesidiis
1075 1099 1297 1145 conlocatis,
1318 1100 1430 1139 sicuti
1452 1111 1566 1151 prae-

108 1162 128 1194 3
155 1162 312 1208 ceptum
336 1162 428 1201 erat,
450 1157 599 1196 occulte
620 1163 782 1208 pontem
804 1156 1002 1196 obsidunt.
1045 1156 1256 1207 Postquam
1287 1156 1333 1195 ad
1355 1156 1393 1195 id
1415 1157 1487 1196 loci
1507 1157 1565 1196 le-

157 1213 233 1264 gati
249 1226 338 1252 cum
358 1214 551 1252 Volturcio
565 1219 757 1252 venerunt
774 1219 811 1252 et
829 1213 945 1252 simul
963 1213 1158 1263 utrimque
1174 1213 1318 1251 clamor
1327 1219 1484 1252 exortus
1493 1218 1563 1259 est,

153 1291 242 1333 jctzt
272 1291 429 1333 Cotroue,
461 1302 501 1323 an
534 1292 593 1324 der
625 1290 730 1324 Kiiste
764 1292 822 1324 des

158 1336 443 1377 Bruttierlandes,
477 1348 541 1369 von
575 1338 636 1368 den
670 1337 822 1369 Ach'acrn

157 1382 355 1422 gegriiudet;
374 1383 540 1422 5601194)
554 1383 647 1415 hatte
664 1383 718 1415 die
727 1384 823 1415 stadt

157 1427 231 1460 eine
249 1429 329 1459 rom.
348 1428 486 1460 Colonie
501 1428 664 1460 erhalten.

203 1474 233 1505 5.
260 1474 333 1514 quis
357 1475 422 1504 sim,
451 1478 533 1505 etc.:
561 1474 628 1506 Cic.
647 1474 681 1505 in
700 1474 772 1505 Cat.
792 1476 822 1513 3,

157 1519 186 1560 5,
216 1517 253 1550 12
271 1521 365 1550 erant
381 1521 498 1550 aulem
522 1519 674 1558 (litterae
695 1518 822 1550 Lentu-

154 1563 201 1603 li)
218 1564 292 1595 sine
315 1565 462 1605 lto-mine,
486 1564 619 1596 sedita:
648 1563 728 1603 Quis
744 1566 822 1606 sim,

155 1610 240 1640 scies
256 1620 302 1640 ew
319 1619 365 1649 eo,
383 1620 480 1650 quem
495 1612 530 1641 at
546 1612 576 1641 te
592 1611 680 1640 misi.
721 1609 821 1650 Cura,

156 1656 192 1685 nt
210 1655 260 1686 cir
276 1656 333 1695 sis,
351 1657 381 1685 et
396 1656 523 1696 cog-ita,
540 1665 637 1696 quem.
655 1656 689 1685 ιἸι
715 1655 824 1687 Iocum

154 1700 202 1730 sis
215 1709 433 1741 progressus,
453 1703 483 1731 et
500 1700 571 1732 vide
589 1699 671 1741 quid
681 1700 741 1731 tibi
756 1702 824 1731 iam

156 1746 203 1776 sit
226 1755 367 1786 necesse,
396 1747 427 1776 et
443 1755 526 1777 cura
544 1748 578 1776 ut
597 1747 747 1776 omnium
765 1746 826 1776 tibi

155 1789 288 1821 attavilla
305 1789 485 1831 adiungas,
497 1793 598 1822 ettam
615 1791 821 1832 infimorum.

158 1835 239 1866 Dass
265 1835 367 1867 Einer
396 1846 460 1867 von
492 1835 610 1868 Beiden
640 1836 702 1867 den
734 1834 826 1867 ssrief

156 1879 311 1911 wo'rtlich
330 1880 605 1921 wieder-gegeben
623 1881 717 1918 habe,
736 1881 821 1912 liisst

156 1925 226 1956 sich
244 1926 336 1957 nicht
362 1926 423 1958 mit
442 1924 650 1958 Gewissheit
679 1927 822 1968 behaup-

156 1976 232 2009 ten3
263 1971 347 2003 doch
375 1972 505 2004 scheint
529 1972 583 2003 die
601 1971 752 2012 Fassuug
769 1971 822 2003 bei

156 2017 274 2048 Cicero
290 2017 362 2049 dem
386 2016 542 2057 Original
572 2018 673 2049 niiher
702 2027 743 2048 zu
760 2017 822 2048 lie-

155 2072 227 2101 geu.

201 2101 264 2139 45.
303 2109 329 2140 1.
363 2110 454 2139 nocte
482 2118 546 2149 qua
568 2107 821 2150 proficisceren—

155 2154 230 2184 tur:
249 2153 303 2184 die
321 2152 427 2185 Nacht
445 2163 518 2184 zum
537 2153 566 2185 3.
589 2153 666 2185 Dec.
687 2154 762 2186 691.

202 2196 360 2230 Valerio.-
388 2197 434 2229 Er
450 2199 542 2230 hatte
558 2199 660 2230 sehon
679 2198 729 2230 als
743 2198 822 2239 jun-

155 2252 215 2282 gcr
239 2242 336 2274 Maun
366 2248 464 2275 unter
492 2243 616 2276 seinein
647 2245 699 2283 (zu
718 2245 771 2284 33,
802 2244 820 2274 2

157 2288 373 2329 erwiihnten)
417 2289 521 2321 Vater
563 2287 821 2329 Hriegsdieuste

155 2333 290 2374 gethan,
321 2335 406 2366 daun
435 2334 485 2366 als
517 2331 757 2374 Hriegstribuu
789 2334 820 2365 in

156 2378 308 2418 Cilicien,
340 2380 392 2411 als
418 2381 583 2421 Quaestor
617 2379 646 2410 iu
666 2379 819 2422 Spanien,

156 2424 289 2455 cudlich
305 2426 389 2456 auch
417 2435 521 2466 gegen
550 2425 604 2457 die
624 2423 745 2456 Kreter
763 2434 820 2465 ge-

158 2467 290 2511 kiimpft.
319 2469 448 2511 Sp'ziter,
472 2481 536 2502 von
569 2470 633 2503 692
665 2470 734 2510 (62)
768 2479 820 2509 an,

158 2515 356 2546 vei-waltete
385 2525 421 2546 er
452 2516 501 2547 als
535 2515 736 2557 propraetor
769 2515 821 2547 die

156 2558 255 2591 Prov.
275 2559 395 2599 Asien,
425 2560 469 2591 im
485 2561 514 2592 J.
534 2562 598 2593 695
617 2562 687 2600 (59)
717 2563 818 2601 repet.

155 2604 334 2645 augeklagt
371 2605 482 2637 wurde
516 2616 552 2637 er
587 2617 650 2637 von
683 2606 752 2637 Cic.
788 2605 821 2637 in

895 1292 953 1324 der
973 1293 1055 1324 noch
1080 1292 1332 1332 griil'stenthcils
1365 1292 1563 1326 erhalteneu

896 1337 984 1369 Rede
1018 1337 1235 1378 vertheidigt‚
1265 1337 1327 1368 und
1359 1337 1566 1380 freigespro-

896 1383 988 1415 chen.

942 1427 1565 1468 Pomptino:tDiellandschnschwau-

897 1474 959 1505 ken
979 1474 1029 1506 bei
1047 1473 1128 1505 Sall.
1151 1474 1213 1504 und
1232 1473 1475 1505 Cic.zwiscl1en
1493 1473 1562 1504 die-

896 1529 952 1551 ser
970 1518 1067 1550 Form
1088 1519 1151 1549 und
1170 1518 1398 1560 Pomptim'us,
1421 1518 1563 1550 welches

898 1564 1040 1596 letztere
1063 1563 1114 1595 ein
1144 1562 1461 1595 Geschleohtsname
1491 1563 1564 1595 sein

896 1610 1035 1648 wiixffde)
1091 1608 1138 1640 Er
1164 1608 1313 1649 hesit-gte
1342 1609 1467 1648 spater,
1498 1608 1563 1641 693

897 1656 976 1697 (61),
994 1655 1044 1686 als
1063 1654 1267 1699 Propi-actor
1293 1654 1324 1685 in
1345 1652 1458 1686 Gallia
1475 1653 1564 1687 Nar-

898 1700 972 1732 bon.
998 1700 1052 1731 die
1083 1701 1254 1741 empiirteu
1280 1692 1481 1740 A=llobroger
1509 1699 1563 1739 (zu

897 1745 1101 1785 50‚1);703
1127 1745 1195 1784 (51)
1227 1743 1330 1784 Legat
1358 1743 1498 1776 Ciceros
1529 1744 1562 1776 in

897 1791 1049 1822 Cilicien.

941 1838 1043 1877 ponte
1086 1833 1226 1867 llulcesso:
1267 1834 1320 1865 die
1353 1834 1561 1866 no‘rdlichste

894 1880 1225 1920 'ribei-b1=ii‹·ke‚iib‹·r
1244 1880 1317 1912 eine
1333 1879 1431 1912 halbe
1448 1889 1561 1920 geogr.

896 1926 938 1958 M.
961 1935 1034 1957 vom
1052 1925 1141 1957 alten
1157 1925 1245 1964 Rom,
1261 1925 1348 1966 jetzt
1358 1924 1462 1957 Ponte
1479 1924 1563 1957 Mol-

895 1972 937 2012 le,
957 1972 1058 2003 niiher
1075 1971 1146 2002 dein
1176 1970 1371 2002 ulii-dlichcn
1391 1970 1562 2012 Eiugange

895 2018 952 2048 des
972 2027 1075 2048 neuen
1096 2015 1205 2047 Roms.
1241 2016 1299 2047 Die
1323 2017 1376 2047 via
1392 2014 1562 2048 Flaminia

895 2061 1005 2093 ffihrte
1023 2062 1177 2093 dar-iiber.

940 2107 1064 2139 Alcubr.
1091 2109 1287 2138 comitatus:
1312 2106 1342 2137 d.
1361 2106 1383 2137 i.
1409 2105 1562 2138 Allobro-

891 2163 955 2195 ges
970 2155 999 2183 et
1016 2162 1127 2184 omnes
1152 2154 1211 2193 qm·
1232 2161 1286 2183 eos
1303 2152 1560 2183 cmnilaMnlur.

894 2198 977 2238 „Die
999 2208 1102 2238 ganze
1121 2197 1376 2238 Allobrogisehe
1405 2196 1562 2237 Reisege-

895 2242 1102 2275 sensatum-⁴.

941 2288 970 2319 2.
999 2288 1182 2319 militares:
1213 2286 1265 2325 59,
1296 2287 1332 2325 ὃς
1353 2285 1425 2318 Liv.
1447 2285 1499 2326 35,
1519 2286 1561 2318 26

895 2333 979 2365 nihil
992 2343 1030 2364 ea
1047 2343 1100 2365 res
1122 2334 1277 2364 (mimum
1307 2331 1467 2364 militaris
1496 2333 1563 2364 viri

893 2382 924 2410 et
941 2378 1063 2410 multos
1080 2379 1215 2419 emper-ti
1230 2387 1330 2409 casus
1346 2378 1525 2408 imminuit.

935 2433 1045 2465 praes.
1064 2423 1261 2455 conlocatis.-
1286 2423 1369 2454 nach
1386 2422 1502 2454 Cicero
1520 2431 1561 2452 zu

894 2469 1011 2500 beiden
1030 2469 1141 2500 Scitcn
1160 2469 1217 2499 des
1237 2467 1383 2499 Flusses.

941 2514 969 2545 3.
1014 2516 1184 2545 venerunt:
1218 2512 1279 2545 Die
1313 2510 1464 2544 Ankuuft
1503 2521 1560 2552 ge—

895 2559 996 2591 schah
1021 2560 1102 2590 nach
1126 2559 1194 2590 cic-2
1219 2559 1322 2590 let-tea
1335 2558 1418 2599 sere
1443 2556 1562 2599 vigilia

895 2607 1024 2637 emota.
1059 2622 1102 2627 ——
1136 2603 1272 2635 Dietsch
1319 2581 1491 2634 schreibt⁰
1508 2601 1560 2633 die
