<?xml version="1.0" encoding="UTF-8"?>
<!DOCTYPE html PUBLIC "-//W3C//DTD XHTML 1.0 Transitional//EN"
    "http://www.w3.org/TR/xhtml1/DTD/xhtml1-transitional.dtd">
<html xmlns="http://www.w3.org/1999/xhtml" xml:lang="en" lang="en">
 <head>
  <title>
</title>
<meta http-equiv="Content-Type" content="text/html;charset=utf-8" />
  <meta name='ocr-system' content='tesseract 3.04.00' />
  <meta name='ocr-capabilities' content='ocr_page ocr_carea ocr_par ocr_line ocrx_word'/>
</head>
<body>
  <div class='ocr_page' id='page_1' title='image "./deconiurationeca00salluoft_0077.png"; bbox 0 0 1720 2875; ppageno 0'>
   <div class='ocr_carea' id='block_1_1' title="bbox 556 131 1542 174">
    <p class='ocr_par' dir='ltr' id='par_1_1' title="bbox 556 131 1542 174">
     <span class='ocr_line' id='line_1_1' title="bbox 556 131 1542 174; baseline -0.001 -8"><span class='ocrx_word' id='word_1_1' title='bbox 556 133 610 166; x_wconf 89' lang='lat' dir='ltr'>DE</span> <span class='ocrx_word' id='word_1_2' title='bbox 636 132 748 166; x_wconf 84' lang='lat' dir='ltr'><strong>CONI.</strong></span> <span class='ocrx_word' id='word_1_3' title='bbox 775 131 913 165; x_wconf 86' lang='lat' dir='ltr'>CATIL.</span> <span class='ocrx_word' id='word_1_4' title='bbox 939 133 974 165; x_wconf 94' lang='lat' dir='ltr'>C.</span> <span class='ocrx_word' id='word_1_5' title='bbox 1002 133 1144 165; x_wconf 78' lang='lat'>50—-51,</span> <span class='ocrx_word' id='word_1_6' title='bbox 1490 134 1542 174; x_wconf 85' lang='grc'>69</span> 
     </span>
    </p>
   </div>
   <div class='ocr_carea' id='block_1_2' title="bbox 131 234 1605 1242">
    <p class='ocr_par' dir='ltr' id='par_1_2' title="bbox 135 234 1585 331">
     <span class='ocr_line' id='line_1_2' title="bbox 135 234 1585 284; baseline -0.002 -9"><span class='ocrx_word' id='word_1_7' title='bbox 135 241 356 275; x_wconf 84' lang='lat' dir='ltr'>censuerat.</span> <span class='ocrx_word' id='word_1_8' title='bbox 390 236 466 275; x_wconf 87' lang='lat' dir='ltr'>Sed</span> <span class='ocrx_word' id='word_1_9' title='bbox 488 236 636 279; x_wconf 88' lang='lat' dir='ltr'>Caesar,</span> <span class='ocrx_word' id='word_1_10' title='bbox 658 234 724 273; x_wconf 90' lang='lat' dir='ltr'>ubi</span> <span class='ocrx_word' id='word_1_11' title='bbox 744 235 791 273; x_wconf 87' lang='lat' dir='ltr'>ad</span> <span class='ocrx_word' id='word_1_12' title='bbox 814 247 904 272; x_wconf 88' lang='lat' dir='ltr'>eum</span> <span class='ocrx_word' id='word_1_13' title='bbox 927 239 1086 273; x_wconf 89' lang='lat' dir='ltr'>ventum</span> <span class='ocrx_word' id='word_1_14' title='bbox 1108 238 1178 279; x_wconf 90' lang='lat' dir='ltr'>est,</span> <span class='ocrx_word' id='word_1_15' title='bbox 1206 239 1360 284; x_wconf 85' lang='lat' dir='ltr'>rogatus</span> <span class='ocrx_word' id='word_1_16' title='bbox 1381 240 1542 274; x_wconf 80' lang='lat' dir='ltr'><strong>senten-</strong></span> <span class='ocrx_word' id='word_1_17' title='bbox 1567 242 1585 272; x_wconf 90' lang='lat'>5</span> 
     </span>
     <span class='ocr_line' id='line_1_3' title="bbox 137 290 1172 331; baseline -0.002 0"><span class='ocrx_word' id='word_1_18' title='bbox 137 293 232 331; x_wconf 87' lang='lat' dir='ltr'>tiam</span> <span class='ocrx_word' id='word_1_19' title='bbox 254 305 273 330; x_wconf 89' lang='lat' dir='ltr'>a</span> <span class='ocrx_word' id='word_1_20' title='bbox 296 293 455 331; x_wconf 83' lang='lat' dir='ltr'>consule</span> <span class='ocrx_word' id='word_1_21' title='bbox 474 292 638 331; x_wconf 88' lang='lat' dir='ltr'>huiusce</span> <span class='ocrx_word' id='word_1_22' title='bbox 658 290 764 328; x_wconf 89' lang='lat' dir='ltr'>modi</span> <span class='ocrx_word' id='word_1_23' title='bbox 788 290 899 329; x_wconf 90' lang='lat' dir='ltr'>verba</span> <span class='ocrx_word' id='word_1_24' title='bbox 921 291 1072 329; x_wconf 87' lang='lat' dir='ltr'>locutus</span> <span class='ocrx_word' id='word_1_25' title='bbox 1094 299 1172 329; x_wconf 82' lang='lat' dir='ltr'>est:</span> 
     </span>
    </p>

    <p class='ocr_par' dir='ltr' id='par_1_3' title="bbox 131 347 1605 1242">
     <span class='ocr_line' id='line_1_4' title="bbox 250 347 1605 397; baseline -0.001 -11"><span class='ocrx_word' id='word_1_26' title='bbox 250 348 415 394; x_wconf 88' lang='lat' dir='ltr'>„Omnis</span> <span class='ocrx_word' id='word_1_27' title='bbox 425 348 617 392; x_wconf 89' lang='lat' dir='ltr'>homines,</span> <span class='ocrx_word' id='word_1_28' title='bbox 636 352 768 397; x_wconf 85' lang='lat' dir='ltr'>patres</span> <span class='ocrx_word' id='word_1_29' title='bbox 785 347 1006 396; x_wconf 81' lang='lat' dir='ltr'>conscripti,</span> <span class='ocrx_word' id='word_1_30' title='bbox 1024 347 1090 397; x_wconf 87' lang='lat' dir='ltr'>qui</span> <span class='ocrx_word' id='word_1_31' title='bbox 1108 348 1154 385; x_wconf 93' lang='lat' dir='ltr'>de</span> <span class='ocrx_word' id='word_1_32' title='bbox 1170 347 1286 386; x_wconf 89' lang='lat' dir='ltr'>rebus</span> <span class='ocrx_word' id='word_1_33' title='bbox 1304 347 1430 386; x_wconf 88' lang='lat' dir='ltr'>dubiis</span> <span class='ocrx_word' id='word_1_34' title='bbox 1447 359 1545 386; x_wconf 86' lang='lat' dir='ltr'>con-</span> <span class='ocrx_word' id='word_1_35' title='bbox 1559 347 1605 381; x_wconf 87' lang='lat'>51</span> 
     </span>
     <span class='ocr_line' id='line_1_5' title="bbox 136 402 1541 454; baseline 0 -12"><span class='ocrx_word' id='word_1_36' title='bbox 136 404 298 450; x_wconf 86' lang='lat' dir='ltr'>sultant,</span> <span class='ocrx_word' id='word_1_37' title='bbox 323 404 368 443; x_wconf 86' lang='lat' dir='ltr'>ab</span> <span class='ocrx_word' id='word_1_38' title='bbox 390 405 478 443; x_wconf 90' lang='lat' dir='ltr'>odio</span> <span class='ocrx_word' id='word_1_39' title='bbox 500 403 665 444; x_wconf 89' lang='lat' dir='ltr'>amicitia</span> <span class='ocrx_word' id='word_1_40' title='bbox 686 402 740 441; x_wconf 90' lang='lat' dir='ltr'>ira</span> <span class='ocrx_word' id='word_1_41' title='bbox 761 408 877 454; x_wconf 89' lang='lat' dir='ltr'>atque</span> <span class='ocrx_word' id='word_1_42' title='bbox 907 403 1174 441; x_wconf 79' lang='lat' dir='ltr'>misericordia</span> <span class='ocrx_word' id='word_1_43' title='bbox 1204 416 1343 442; x_wconf 86' lang='lat' dir='ltr'>vacuos</span> <span class='ocrx_word' id='word_1_44' title='bbox 1365 416 1450 442; x_wconf 92' lang='lat' dir='ltr'>esse</span> <span class='ocrx_word' id='word_1_45' title='bbox 1472 403 1541 442; x_wconf 90' lang='lat' dir='ltr'>de-</span> 
     </span>
     <span class='ocr_line' id='line_1_6' title="bbox 133 459 1587 511; baseline -0.003 -11"><span class='ocrx_word' id='word_1_46' title='bbox 133 467 208 507; x_wconf 76' lang='lat' dir='ltr'>cet.</span> <span class='ocrx_word' id='word_1_47' title='bbox 243 461 349 499; x_wconf 89' lang='lat' dir='ltr'>Haud</span> <span class='ocrx_word' id='word_1_48' title='bbox 370 461 479 499; x_wconf 83' lang='lat' dir='ltr'>facile</span> <span class='ocrx_word' id='word_1_49' title='bbox 499 460 653 498; x_wconf 90' lang='lat' dir='ltr'>animus</span> <span class='ocrx_word' id='word_1_50' title='bbox 671 471 805 498; x_wconf 89' lang='lat' dir='ltr'>verum</span> <span class='ocrx_word' id='word_1_51' title='bbox 828 459 1015 510; x_wconf 79' lang='lat' dir='ltr'>providet,</span> <span class='ocrx_word' id='word_1_52' title='bbox 1038 459 1102 497; x_wconf 89' lang='lat' dir='ltr'>ubi</span> <span class='ocrx_word' id='word_1_53' title='bbox 1125 459 1184 497; x_wconf 89' lang='lat' dir='ltr'>illa</span> <span class='ocrx_word' id='word_1_54' title='bbox 1208 460 1395 504; x_wconf 81' lang='lat' dir='ltr'>officiunt,</span> <span class='ocrx_word' id='word_1_55' title='bbox 1414 472 1543 511; x_wconf 90' lang='lat' dir='ltr'>neque</span> <span class='ocrx_word' id='word_1_56' title='bbox 1567 465 1587 496; x_wconf 83' lang='lat'>2</span> 
     </span>
     <span class='ocr_line' id='line_1_7' title="bbox 137 515 1586 568; baseline -0.001 -13"><span class='ocrx_word' id='word_1_57' title='bbox 137 517 342 568; x_wconf 86' lang='lat' dir='ltr'>quisquam</span> <span class='ocrx_word' id='word_1_58' title='bbox 366 516 541 555; x_wconf 89' lang='lat' dir='ltr'>omnium</span> <span class='ocrx_word' id='word_1_59' title='bbox 563 515 726 555; x_wconf 86' lang='lat' dir='ltr'>lubidini</span> <span class='ocrx_word' id='word_1_60' title='bbox 748 516 863 554; x_wconf 89' lang='lat' dir='ltr'>simul</span> <span class='ocrx_word' id='word_1_61' title='bbox 881 521 919 554; x_wconf 90' lang='lat' dir='ltr'>et</span> <span class='ocrx_word' id='word_1_62' title='bbox 939 515 1027 554; x_wconf 90' lang='lat' dir='ltr'>usui</span> <span class='ocrx_word' id='word_1_63' title='bbox 1049 516 1187 566; x_wconf 87' lang='lat' dir='ltr'>paruit.</span> <span class='ocrx_word' id='word_1_64' title='bbox 1239 516 1307 554; x_wconf 87' lang='lat' dir='ltr'>Ubi</span> <span class='ocrx_word' id='word_1_65' title='bbox 1325 516 1541 555; x_wconf 86' lang='lat' dir='ltr'>intenderis</span> <span class='ocrx_word' id='word_1_66' title='bbox 1568 522 1586 553; x_wconf 89' lang='lat'><strong>3</strong></span> 
     </span>
     <span class='ocr_line' id='line_1_8' title="bbox 135 572 1542 624; baseline 0 -13"><span class='ocrx_word' id='word_1_67' title='bbox 135 573 349 624; x_wconf 82' lang='lat' dir='ltr'>ingenium,</span> <span class='ocrx_word' id='word_1_68' title='bbox 372 573 488 610; x_wconf 84' lang='lat' dir='ltr'>valet:</span> <span class='ocrx_word' id='word_1_69' title='bbox 508 573 540 610; x_wconf 87' lang='lat' dir='ltr'>si</span> <span class='ocrx_word' id='word_1_70' title='bbox 562 573 694 611; x_wconf 90' lang='lat' dir='ltr'>lubido</span> <span class='ocrx_word' id='word_1_71' title='bbox 717 572 903 622; x_wconf 78' lang='lat' dir='ltr'>possidet,</span> <span class='ocrx_word' id='word_1_72' title='bbox 925 584 967 610; x_wconf 91' lang='lat' dir='ltr'>ea</span> <span class='ocrx_word' id='word_1_73' title='bbox 990 572 1228 617; x_wconf 81' lang='lat' dir='ltr'>dominatur,</span> <span class='ocrx_word' id='word_1_74' title='bbox 1271 573 1426 611; x_wconf 83' lang='lat' dir='ltr'>animus</span> <span class='ocrx_word' id='word_1_75' title='bbox 1448 572 1542 611; x_wconf 89' lang='lat' dir='ltr'>nihil</span> 
     </span>
     <span class='ocr_line' id='line_1_9' title="bbox 136 628 1587 680; baseline -0.001 -13"><span class='ocrx_word' id='word_1_76' title='bbox 136 631 243 667; x_wconf 89' lang='lat' dir='ltr'>valet.</span> <span class='ocrx_word' id='word_1_77' title='bbox 289 628 423 679; x_wconf 84' lang='lat' dir='ltr'>Magna</span> <span class='ocrx_word' id='word_1_78' title='bbox 446 629 538 666; x_wconf 86' lang='lat' dir='ltr'>mihi</span> <span class='ocrx_word' id='word_1_79' title='bbox 561 630 669 680; x_wconf 88' lang='lat' dir='ltr'>copia</span> <span class='ocrx_word' id='word_1_80' title='bbox 693 635 750 666; x_wconf 84' lang='lat' dir='ltr'>est</span> <span class='ocrx_word' id='word_1_81' title='bbox 773 628 1024 673; x_wconf 83' lang='lat' dir='ltr'>memorandi,</span> <span class='ocrx_word' id='word_1_82' title='bbox 1047 635 1175 678; x_wconf 87' lang='lat' dir='ltr'>patres</span> <span class='ocrx_word' id='word_1_83' title='bbox 1197 628 1419 679; x_wconf 84' lang='lat' dir='ltr'>conscripti,</span> <span class='ocrx_word' id='word_1_84' title='bbox 1443 641 1541 680; x_wconf 88' lang='lat' dir='ltr'>quae</span> <span class='ocrx_word' id='word_1_85' title='bbox 1567 635 1587 666; x_wconf 79' lang='grc'>4</span> 
     </span>
     <span class='ocr_line' id='line_1_10' title="bbox 134 684 1543 736; baseline 0 -12"><span class='ocrx_word' id='word_1_86' title='bbox 134 697 244 735; x_wconf 84' lang='lat' dir='ltr'>reges</span> <span class='ocrx_word' id='word_1_87' title='bbox 266 691 380 736; x_wconf 80' lang='lat' dir='ltr'>atque</span> <span class='ocrx_word' id='word_1_88' title='bbox 402 685 531 735; x_wconf 89' lang='lat' dir='ltr'>populi</span> <span class='ocrx_word' id='word_1_89' title='bbox 570 685 623 724; x_wconf 87' lang='lat' dir='ltr'>ira</span> <span class='ocrx_word' id='word_1_90' title='bbox 644 690 710 724; x_wconf 88' lang='lat' dir='ltr'>aut</span> <span class='ocrx_word' id='word_1_91' title='bbox 733 684 995 723; x_wconf 80' lang='lat' dir='ltr'>misericordia</span> <span class='ocrx_word' id='word_1_92' title='bbox 1020 685 1161 734; x_wconf 89' lang='lat' dir='ltr'>inpulsi</span> <span class='ocrx_word' id='word_1_93' title='bbox 1198 685 1295 723; x_wconf 91' lang='lat' dir='ltr'>male</span> <span class='ocrx_word' id='word_1_94' title='bbox 1332 687 1543 724; x_wconf 87' lang='lat' dir='ltr'>consulue-</span> 
     </span>
     <span class='ocr_line' id='line_1_11' title="bbox 133 740 1542 792; baseline -0.001 -12"><span class='ocrx_word' id='word_1_95' title='bbox 133 741 232 780; x_wconf 89' lang='lat' dir='ltr'>rint:</span> <span class='ocrx_word' id='word_1_96' title='bbox 267 741 333 779; x_wconf 89' lang='lat' dir='ltr'>sed</span> <span class='ocrx_word' id='word_1_97' title='bbox 356 754 398 779; x_wconf 90' lang='lat' dir='ltr'>ea</span> <span class='ocrx_word' id='word_1_98' title='bbox 420 741 520 779; x_wconf 89' lang='lat' dir='ltr'>malo</span> <span class='ocrx_word' id='word_1_99' title='bbox 544 741 689 785; x_wconf 86' lang='lat' dir='ltr'>dicere,</span> <span class='ocrx_word' id='word_1_100' title='bbox 719 753 817 792; x_wconf 86' lang='lat' dir='ltr'>quae</span> <span class='ocrx_word' id='word_1_101' title='bbox 838 740 1004 780; x_wconf 90' lang='lat' dir='ltr'>maiores</span> <span class='ocrx_word' id='word_1_102' title='bbox 1026 742 1150 779; x_wconf 86' lang='lat' dir='ltr'>nostri</span> <span class='ocrx_word' id='word_1_103' title='bbox 1173 746 1307 780; x_wconf 86' lang='lat' dir='ltr'>contra</span> <span class='ocrx_word' id='word_1_104' title='bbox 1329 742 1542 780; x_wconf 85' lang='lat' dir='ltr'>lubidinem</span> 
     </span>
     <span class='ocr_line' id='line_1_12' title="bbox 134 797 1582 848; baseline 0 -13"><span class='ocrx_word' id='word_1_105' title='bbox 134 797 251 837; x_wconf 77' lang='lat' dir='ltr'>animi</span> <span class='ocrx_word' id='word_1_106' title='bbox 274 797 576 847; x_wconf 85' lang='lat' dir='ltr'>suirecteatque</span> <span class='ocrx_word' id='word_1_107' title='bbox 599 798 733 836; x_wconf 90' lang='lat' dir='ltr'>ordine</span> <span class='ocrx_word' id='word_1_108' title='bbox 751 797 890 835; x_wconf 84' lang='lat' dir='ltr'>fecere.</span> <span class='ocrx_word' id='word_1_109' title='bbox 922 797 1024 835; x_wconf 80' lang='lat' dir='ltr'>Bello</span> <span class='ocrx_word' id='word_1_110' title='bbox 1035 797 1296 843; x_wconf 84' lang='lat' dir='ltr'>Macedonico,</span> <span class='ocrx_word' id='word_1_111' title='bbox 1320 797 1423 848; x_wconf 90' lang='lat' dir='ltr'>quod</span> <span class='ocrx_word' id='word_1_112' title='bbox 1448 810 1538 837; x_wconf 90' lang='lat' dir='ltr'>cum</span> <span class='ocrx_word' id='word_1_113' title='bbox 1564 805 1582 835; x_wconf 91' lang='lat'><strong>5</strong></span> 
     </span>
     <span class='ocr_line' id='line_1_13' title="bbox 132 853 1536 905; baseline 0.001 -14"><span class='ocrx_word' id='word_1_114' title='bbox 132 865 222 904; x_wconf 85' lang='lat' dir='ltr'>rege</span> <span class='ocrx_word' id='word_1_115' title='bbox 243 853 360 892; x_wconf 89' lang='lat' dir='ltr'>Perse</span> <span class='ocrx_word' id='word_1_116' title='bbox 380 854 586 904; x_wconf 83' lang='lat' dir='ltr'>gessimus,</span> <span class='ocrx_word' id='word_1_117' title='bbox 608 854 847 893; x_wconf 85' lang='lat' dir='ltr'>Rhodiorum</span> <span class='ocrx_word' id='word_1_118' title='bbox 871 853 1000 891; x_wconf 86' lang='lat' dir='ltr'>civitas</span> <span class='ocrx_word' id='word_1_119' title='bbox 1031 865 1166 903; x_wconf 83' lang='lat' dir='ltr'>magna</span> <span class='ocrx_word' id='word_1_120' title='bbox 1187 860 1302 904; x_wconf 89' lang='lat' dir='ltr'>atque</span> <span class='ocrx_word' id='word_1_121' title='bbox 1325 854 1536 905; x_wconf 83' lang='lat' dir='ltr'>magnifica,</span> 
     </span>
     <span class='ocr_line' id='line_1_14' title="bbox 132 909 1537 961; baseline 0.001 -13"><span class='ocrx_word' id='word_1_122' title='bbox 132 922 231 961; x_wconf 86' lang='lat' dir='ltr'>quae</span> <span class='ocrx_word' id='word_1_123' title='bbox 252 910 386 960; x_wconf 89' lang='lat' dir='ltr'>populi</span> <span class='ocrx_word' id='word_1_124' title='bbox 408 910 572 948; x_wconf 88' lang='lat' dir='ltr'>Romani</span> <span class='ocrx_word' id='word_1_125' title='bbox 594 910 733 961; x_wconf 90' lang='lat' dir='ltr'>opibus</span> <span class='ocrx_word' id='word_1_126' title='bbox 755 915 941 953; x_wconf 85' lang='lat' dir='ltr'>creverat,</span> <span class='ocrx_word' id='word_1_127' title='bbox 963 909 1079 948; x_wconf 84' lang='lat' dir='ltr'>infida</span> <span class='ocrx_word' id='word_1_128' title='bbox 1105 915 1222 960; x_wconf 82' lang='lat' dir='ltr'>atque</span> <span class='ocrx_word' id='word_1_129' title='bbox 1242 911 1400 949; x_wconf 86' lang='lat' dir='ltr'>advorsa</span> <span class='ocrx_word' id='word_1_130' title='bbox 1425 911 1537 949; x_wconf 89' lang='lat' dir='ltr'>nobis</span> 
     </span>
     <span class='ocr_line' id='line_1_15' title="bbox 132 966 1537 1018; baseline 0.001 -14"><span class='ocrx_word' id='word_1_131' title='bbox 132 966 227 1011; x_wconf 86' lang='lat' dir='ltr'>fuit;</span> <span class='ocrx_word' id='word_1_132' title='bbox 248 966 316 1004; x_wconf 91' lang='lat' dir='ltr'>sed</span> <span class='ocrx_word' id='word_1_133' title='bbox 338 972 545 1018; x_wconf 77' lang='lat' dir='ltr'>postquam</span> <span class='ocrx_word' id='word_1_134' title='bbox 569 966 666 1005; x_wconf 85' lang='lat' dir='ltr'>bello</span> <span class='ocrx_word' id='word_1_135' title='bbox 685 966 864 1005; x_wconf 85' lang='lat' dir='ltr'>confecto</span> <span class='ocrx_word' id='word_1_136' title='bbox 887 966 933 1004; x_wconf 90' lang='lat' dir='ltr'>de</span> <span class='ocrx_word' id='word_1_137' title='bbox 943 966 1102 1004; x_wconf 83' lang='lat' dir='ltr'>Rhodiis</span> <span class='ocrx_word' id='word_1_138' title='bbox 1119 967 1341 1004; x_wconf 82' lang='lat' dir='ltr'>consultum</span> <span class='ocrx_word' id='word_1_139' title='bbox 1361 972 1429 1011; x_wconf 89' lang='lat' dir='ltr'>est,</span> <span class='ocrx_word' id='word_1_140' title='bbox 1452 980 1537 1005; x_wconf 89' lang='lat' dir='ltr'>ma-</span> 
     </span>
     <span class='ocr_line' id='line_1_16' title="bbox 131 1022 1537 1074; baseline 0 -13"><span class='ocrx_word' id='word_1_141' title='bbox 131 1022 233 1061; x_wconf 88' lang='lat' dir='ltr'>iores</span> <span class='ocrx_word' id='word_1_142' title='bbox 250 1023 387 1068; x_wconf 85' lang='lat' dir='ltr'>nostri,</span> <span class='ocrx_word' id='word_1_143' title='bbox 409 1036 458 1061; x_wconf 91' lang='lat' dir='ltr'>ne</span> <span class='ocrx_word' id='word_1_144' title='bbox 481 1022 567 1074; x_wconf 88' lang='lat' dir='ltr'>quis</span> <span class='ocrx_word' id='word_1_145' title='bbox 585 1023 803 1061; x_wconf 81' lang='lat' dir='ltr'>divitiarum</span> <span class='ocrx_word' id='word_1_146' title='bbox 816 1022 935 1071; x_wconf 81' lang='lat' dir='ltr'>magis</span> <span class='ocrx_word' id='word_1_147' title='bbox 951 1034 1066 1072; x_wconf 87' lang='lat' dir='ltr'>quam</span> <span class='ocrx_word' id='word_1_148' title='bbox 1082 1022 1244 1061; x_wconf 87' lang='lat' dir='ltr'>iniuriae</span> <span class='ocrx_word' id='word_1_149' title='bbox 1261 1035 1375 1062; x_wconf 69' lang='lat' dir='ltr'>causa</span> <span class='ocrx_word' id='word_1_150' title='bbox 1392 1023 1537 1062; x_wconf 89' lang='lat' dir='ltr'>bellum</span> 
     </span>
     <span class='ocr_line' id='line_1_17' title="bbox 131 1078 1585 1130; baseline 0.001 -14"><span class='ocrx_word' id='word_1_151' title='bbox 131 1078 330 1129; x_wconf 85' lang='lat' dir='ltr'>inceptum</span> <span class='ocrx_word' id='word_1_152' title='bbox 359 1079 515 1125; x_wconf 91' lang='lat' dir='ltr'>diceret,</span> <span class='ocrx_word' id='word_1_153' title='bbox 545 1079 743 1130; x_wconf 90' lang='lat' dir='ltr'>inpunitos</span> <span class='ocrx_word' id='word_1_154' title='bbox 774 1091 839 1117; x_wconf 89' lang='lat' dir='ltr'>eos</span> <span class='ocrx_word' id='word_1_155' title='bbox 868 1079 1063 1117; x_wconf 86' lang='lat' dir='ltr'>dimisere.</span> <span class='ocrx_word' id='word_1_156' title='bbox 1123 1078 1217 1117; x_wconf 79' lang='lat' dir='ltr'>Item</span> <span class='ocrx_word' id='word_1_157' title='bbox 1246 1079 1353 1117; x_wconf 83' lang='lat' dir='ltr'>bellis</span> <span class='ocrx_word' id='word_1_158' title='bbox 1384 1079 1539 1118; x_wconf 89' lang='lat' dir='ltr'>Punicis</span> <span class='ocrx_word' id='word_1_159' title='bbox 1565 1091 1585 1122; x_wconf 84' lang='lat'>6</span> 
     </span>
     <span class='ocr_line' id='line_1_18' title="bbox 131 1135 1539 1186; baseline 0.001 -13"><span class='ocrx_word' id='word_1_160' title='bbox 131 1135 328 1184; x_wconf 87' lang='lat' dir='ltr'>omnibus,</span> <span class='ocrx_word' id='word_1_161' title='bbox 351 1148 439 1174; x_wconf 86' lang='lat' dir='ltr'>cum</span> <span class='ocrx_word' id='word_1_162' title='bbox 462 1148 578 1186; x_wconf 81' lang='lat' dir='ltr'>saepe</span> <span class='ocrx_word' id='word_1_163' title='bbox 599 1135 932 1185; x_wconf 83' lang='lat' dir='ltr'>Carthaginienses</span> <span class='ocrx_word' id='word_1_164' title='bbox 956 1140 994 1173; x_wconf 92' lang='lat' dir='ltr'>et</span> <span class='ocrx_word' id='word_1_165' title='bbox 1014 1135 1055 1173; x_wconf 90' lang='lat' dir='ltr'>in</span> <span class='ocrx_word' id='word_1_166' title='bbox 1078 1148 1170 1185; x_wconf 82' lang='lat' dir='ltr'>pace</span> <span class='ocrx_word' id='word_1_167' title='bbox 1191 1141 1228 1174; x_wconf 90' lang='lat' dir='ltr'>et</span> <span class='ocrx_word' id='word_1_168' title='bbox 1264 1147 1333 1186; x_wconf 89' lang='lat' dir='ltr'>per</span> <span class='ocrx_word' id='word_1_169' title='bbox 1368 1135 1539 1174; x_wconf 83' lang='lat' dir='ltr'>indutias</span> 
     </span>
     <span class='ocr_line' id='line_1_19' title="bbox 132 1191 1539 1242; baseline 0.001 -13"><span class='ocrx_word' id='word_1_170' title='bbox 132 1191 249 1229; x_wconf 87' lang='lat' dir='ltr'>multa</span> <span class='ocrx_word' id='word_1_171' title='bbox 274 1192 420 1230; x_wconf 81' lang='lat' dir='ltr'>nefaria</span> <span class='ocrx_word' id='word_1_172' title='bbox 442 1192 611 1231; x_wconf 88' lang='lat' dir='ltr'>facinora</span> <span class='ocrx_word' id='word_1_173' title='bbox 632 1192 835 1236; x_wconf 85' lang='lat' dir='ltr'>fecissent,</span> <span class='ocrx_word' id='word_1_174' title='bbox 872 1204 1088 1242; x_wconf 68' lang='lat' dir='ltr'>namquanl</span> <span class='ocrx_word' id='word_1_175' title='bbox 1110 1191 1182 1242; x_wconf 88' lang='lat' dir='ltr'>ipsi</span> <span class='ocrx_word' id='word_1_176' title='bbox 1205 1205 1272 1242; x_wconf 86' lang='lat' dir='ltr'>per</span> <span class='ocrx_word' id='word_1_177' title='bbox 1295 1192 1539 1231; x_wconf 83' lang='lat' dir='ltr'>occasionem</span> 
     </span>
    </p>
   </div>
   <div class='ocr_carea' id='block_1_3' title="bbox 59 1247 1538 1299">
    <p class='ocr_par' dir='ltr' id='par_1_4' title="bbox 59 1247 1538 1299">
     <span class='ocr_line' id='line_1_20' title="bbox 59 1247 1538 1299; baseline 0.001 -14"><span class='ocrx_word' id='word_1_178' title='bbox 59 1278 71 1287; x_wconf 51' lang='lat'>,.</span> <span class='ocrx_word' id='word_1_179' title='bbox 130 1247 220 1286; x_wconf 82' lang='lat' dir='ltr'>talia</span> <span class='ocrx_word' id='word_1_180' title='bbox 243 1248 389 1286; x_wconf 86' lang='lat' dir='ltr'>fecere:</span> <span class='ocrx_word' id='word_1_181' title='bbox 410 1248 543 1298; x_wconf 83' lang='lat' dir='ltr'>magis,</span> <span class='ocrx_word' id='word_1_182' title='bbox 566 1248 658 1299; x_wconf 85' lang='lat' dir='ltr'>quid</span> <span class='ocrx_word' id='word_1_183' title='bbox 680 1261 720 1287; x_wconf 89' lang='lat' dir='ltr'>se</span> <span class='ocrx_word' id='word_1_184' title='bbox 743 1248 905 1298; x_wconf 84' lang='lat' dir='ltr'>dignum</span> <span class='ocrx_word' id='word_1_185' title='bbox 922 1248 1035 1291; x_wconf 89' lang='lat' dir='ltr'>foret,</span> <span class='ocrx_word' id='word_1_186' title='bbox 1054 1260 1170 1298; x_wconf 75' lang='lat' dir='ltr'>quan]</span> <span class='ocrx_word' id='word_1_187' title='bbox 1193 1248 1282 1298; x_wconf 85' lang='lat' dir='ltr'>quid</span> <span class='ocrx_word' id='word_1_188' title='bbox 1299 1249 1337 1286; x_wconf 89' lang='lat' dir='ltr'>in</span> <span class='ocrx_word' id='word_1_189' title='bbox 1353 1249 1436 1287; x_wconf 89' lang='lat' dir='ltr'>illos</span> <span class='ocrx_word' id='word_1_190' title='bbox 1451 1248 1538 1287; x_wconf 88' lang='lat' dir='ltr'>iure</span> 
     </span>
    </p>
   </div>
   <div class='ocr_carea' id='block_1_4' title="bbox 129 1303 1582 1468">
    <p class='ocr_par' dir='ltr' id='par_1_5' title="bbox 129 1303 1582 1468">
     <span class='ocr_line' id='line_1_21' title="bbox 131 1303 1582 1355; baseline 0.002 -14"><span class='ocrx_word' id='word_1_191' title='bbox 131 1303 212 1342; x_wconf 83' lang='lat' dir='ltr'>fieri</span> <span class='ocrx_word' id='word_1_192' title='bbox 235 1309 380 1354; x_wconf 87' lang='lat' dir='ltr'>posset,</span> <span class='ocrx_word' id='word_1_193' title='bbox 403 1304 654 1355; x_wconf 86' lang='lat' dir='ltr'>quaerebant.</span> <span class='ocrx_word' id='word_1_194' title='bbox 715 1305 796 1342; x_wconf 89' lang='lat' dir='ltr'>Hoc</span> <span class='ocrx_word' id='word_1_195' title='bbox 817 1304 910 1342; x_wconf 88' lang='lat' dir='ltr'>item</span> <span class='ocrx_word' id='word_1_196' title='bbox 932 1304 1040 1342; x_wconf 82' lang='lat' dir='ltr'>vobis</span> <span class='ocrx_word' id='word_1_197' title='bbox 1069 1304 1352 1354; x_wconf 82' lang='lat' dir='ltr'>providendum</span> <span class='ocrx_word' id='word_1_198' title='bbox 1374 1309 1445 1347; x_wconf 86' lang='lat' dir='ltr'>est,</span> <span class='ocrx_word' id='word_1_199' title='bbox 1470 1317 1538 1355; x_wconf 88' lang='lat' dir='ltr'>pa·</span> <span class='ocrx_word' id='word_1_200' title='bbox 1563 1313 1582 1344; x_wconf 83' lang='lat'><strong>7</strong></span> 
     </span>
     <span class='ocr_line' id='line_1_22' title="bbox 130 1360 1536 1411; baseline 0.002 -14"><span class='ocrx_word' id='word_1_201' title='bbox 130 1365 209 1398; x_wconf 90' lang='lat' dir='ltr'>tres</span> <span class='ocrx_word' id='word_1_202' title='bbox 233 1360 457 1411; x_wconf 87' lang='lat' dir='ltr'>conscripti,</span> <span class='ocrx_word' id='word_1_203' title='bbox 479 1372 528 1399; x_wconf 89' lang='lat' dir='ltr'>ne</span> <span class='ocrx_word' id='word_1_204' title='bbox 550 1361 636 1411; x_wconf 92' lang='lat' dir='ltr'>plus</span> <span class='ocrx_word' id='word_1_205' title='bbox 657 1361 758 1411; x_wconf 89' lang='lat' dir='ltr'>apud</span> <span class='ocrx_word' id='word_1_206' title='bbox 781 1373 847 1398; x_wconf 92' lang='lat' dir='ltr'>vos</span> <span class='ocrx_word' id='word_1_207' title='bbox 870 1361 993 1398; x_wconf 82' lang='lat' dir='ltr'>valeat</span> <span class='ocrx_word' id='word_1_208' title='bbox 1015 1360 1056 1398; x_wconf 92' lang='lat' dir='ltr'>P.</span> <span class='ocrx_word' id='word_1_209' title='bbox 1079 1360 1236 1399; x_wconf 89' lang='lat' dir='ltr'>Lentuli</span> <span class='ocrx_word' id='word_1_210' title='bbox 1257 1367 1294 1399; x_wconf 85' lang='lat' dir='ltr'>et</span> <span class='ocrx_word' id='word_1_211' title='bbox 1315 1368 1536 1400; x_wconf 85' lang='lat' dir='ltr'>ceterorum</span> 
     </span>
     <span class='ocr_line' id='line_1_23' title="bbox 129 1416 1537 1468; baseline 0.001 -14"><span class='ocrx_word' id='word_1_212' title='bbox 129 1416 257 1454; x_wconf 80' lang='lat' dir='ltr'>scelus</span> <span class='ocrx_word' id='word_1_213' title='bbox 280 1429 394 1468; x_wconf 89' lang='lat' dir='ltr'>quam</span> <span class='ocrx_word' id='word_1_214' title='bbox 418 1422 543 1456; x_wconf 86' lang='lat' dir='ltr'>vostra</span> <span class='ocrx_word' id='word_1_215' title='bbox 566 1417 743 1467; x_wconf 83' lang='lat' dir='ltr'>dignitas,</span> <span class='ocrx_word' id='word_1_216' title='bbox 767 1429 843 1455; x_wconf 85' lang='lat' dir='ltr'>neu</span> <span class='ocrx_word' id='word_1_217' title='bbox 864 1416 987 1467; x_wconf 83' lang='lat' dir='ltr'>magis</span> <span class='ocrx_word' id='word_1_218' title='bbox 1010 1417 1089 1455; x_wconf 89' lang='lat' dir='ltr'>irae</span> <span class='ocrx_word' id='word_1_219' title='bbox 1106 1423 1256 1455; x_wconf 76' lang='lat' dir='ltr'>vostrae</span> <span class='ocrx_word' id='word_1_220' title='bbox 1274 1430 1390 1468; x_wconf 86' lang='lat' dir='ltr'>quam</span> <span class='ocrx_word' id='word_1_221' title='bbox 1411 1417 1537 1457; x_wconf 89' lang='lat' dir='ltr'>famae</span> 
     </span>
    </p>
   </div>
   <div class='ocr_carea' id='block_1_5' title="bbox 126 1506 796 2359">
    <p class='ocr_par' dir='ltr' id='par_1_6' title="bbox 127 1506 796 1682">
     <span class='ocr_line' id='line_1_24' title="bbox 128 1506 794 1548; baseline 0.002 -9"><span class='ocrx_word' id='word_1_222' title='bbox 128 1516 228 1539; x_wconf 85' lang='lat' dir='ltr'>seren</span> <span class='ocrx_word' id='word_1_223' title='bbox 256 1506 437 1539; x_wconf 86' lang='lat' dir='ltr'>Handschr.</span> <span class='ocrx_word' id='word_1_224' title='bbox 468 1507 581 1539; x_wconf 85' lang='lat' dir='ltr'>&#39;haben</span> <span class='ocrx_word' id='word_1_225' title='bbox 611 1507 794 1548; x_wconf 83' lang='lat' dir='ltr'>allerdings</span> 
     </span>
     <span class='ocr_line' id='line_1_25' title="bbox 130 1551 795 1593; baseline 0.002 -9"><span class='ocrx_word' id='word_1_226' title='bbox 130 1556 214 1584; x_wconf 84' lang='lat' dir='ltr'>statt</span> <span class='ocrx_word' id='word_1_227' title='bbox 237 1552 355 1584; x_wconf 77' lang='lat' dir='ltr'>dessen</span> <span class='ocrx_word' id='word_1_228' title='bbox 386 1551 471 1593; x_wconf 75' lang='lat' dir='ltr'>qnod</span> <span class='ocrx_word' id='word_1_229' title='bbox 497 1552 534 1583; x_wconf 85' lang='lat' dir='ltr'>de</span> <span class='ocrx_word' id='word_1_230' title='bbox 561 1563 602 1584; x_wconf 84' lang='lat' dir='ltr'>ea</span> <span class='ocrx_word' id='word_1_231' title='bbox 629 1563 684 1592; x_wconf 82' lang='lat' dir='ltr'>re,·</span> <span class='ocrx_word' id='word_1_232' title='bbox 716 1554 795 1585; x_wconf 86' lang='lat' dir='ltr'>aber</span> 
     </span>
     <span class='ocr_line' id='line_1_26' title="bbox 127 1596 796 1639; baseline 0.003 -11"><span class='ocrx_word' id='word_1_233' title='bbox 127 1599 187 1638; x_wconf 77' lang='lat' dir='ltr'>qui</span> <span class='ocrx_word' id='word_1_234' title='bbox 202 1596 247 1629; x_wconf 87' lang='lat' dir='ltr'>ist</span> <span class='ocrx_word' id='word_1_235' title='bbox 264 1597 338 1628; x_wconf 85' lang='lat' dir='ltr'>eine</span> <span class='ocrx_word' id='word_1_236' title='bbox 361 1596 584 1639; x_wconf 74' lang='lat' dir='ltr'>augenfallige</span> <span class='ocrx_word' id='word_1_237' title='bbox 613 1597 796 1631; x_wconf 81' lang='lat' dir='ltr'>Verhesse-</span> 
     </span>
     <span class='ocr_line' id='line_1_27' title="bbox 128 1652 226 1682; baseline -0.01 -9"><span class='ocrx_word' id='word_1_238' title='bbox 128 1652 226 1682; x_wconf 79' lang='lat' dir='ltr'>rung.</span> 
     </span>
    </p>

    <p class='ocr_par' dir='ltr' id='par_1_7' title="bbox 126 1682 795 2034">
     <span class='ocr_line' id='line_1_28' title="bbox 175 1682 794 1720; baseline 0.003 -2"><span class='ocrx_word' id='word_1_239' title='bbox 175 1682 240 1718; x_wconf 77' lang='lat'>51.</span> <span class='ocrx_word' id='word_1_240' title='bbox 271 1688 300 1719; x_wconf 92' lang='lat'>1.</span> <span class='ocrx_word' id='word_1_241' title='bbox 329 1688 436 1718; x_wconf 75' lang='lat' dir='ltr'>omnis</span> <span class='ocrx_word' id='word_1_242' title='bbox 458 1688 610 1719; x_wconf 74' lang='lat' dir='ltr'>homines</span> <span class='ocrx_word' id='word_1_243' title='bbox 634 1693 696 1720; x_wconf 86' lang='lat' dir='ltr'>etc.</span> <span class='ocrx_word' id='word_1_244' title='bbox 728 1689 794 1720; x_wconf 81' lang='lat' dir='ltr'>Der</span> 
     </span>
     <span class='ocr_line' id='line_1_29' title="bbox 126 1731 794 1774; baseline 0.003 -11"><span class='ocrx_word' id='word_1_245' title='bbox 126 1732 233 1764; x_wconf 87' lang='lat' dir='ltr'>durch</span> <span class='ocrx_word' id='word_1_246' title='bbox 253 1731 304 1762; x_wconf 88' lang='lat' dir='ltr'>die</span> <span class='ocrx_word' id='word_1_247' title='bbox 330 1742 434 1772; x_wconf 79' lang='lat' dir='ltr'>ganze</span> <span class='ocrx_word' id='word_1_248' title='bbox 464 1731 550 1764; x_wconf 88' lang='lat' dir='ltr'>Rede</span> <span class='ocrx_word' id='word_1_249' title='bbox 579 1732 794 1774; x_wconf 81' lang='lat' dir='ltr'>ausgefiihrte</span> 
     </span>
     <span class='ocr_line' id='line_1_30' title="bbox 127 1776 795 1816; baseline 0.001 -7"><span class='ocrx_word' id='word_1_250' title='bbox 127 1776 405 1816; x_wconf 86' lang='lat' dir='ltr'>Grundgedanke,</span> <span class='ocrx_word' id='word_1_251' title='bbox 432 1778 576 1810; x_wconf 80' lang='lat' dir='ltr'>n&#39;amlich</span> <span class='ocrx_word' id='word_1_252' title='bbox 593 1778 646 1809; x_wconf 84' lang='lat' dir='ltr'>die</span> <span class='ocrx_word' id='word_1_253' title='bbox 663 1779 795 1810; x_wconf 80' lang='lat' dir='ltr'>Auffor-</span> 
     </span>
     <span class='ocr_line' id='line_1_31' title="bbox 128 1822 794 1862; baseline 0.003 -9"><span class='ocrx_word' id='word_1_254' title='bbox 128 1822 255 1862; x_wconf 79' lang='lat' dir='ltr'>der-ung</span> <span class='ocrx_word' id='word_1_255' title='bbox 288 1832 360 1853; x_wconf 92' lang='lat' dir='ltr'>zum</span> <span class='ocrx_word' id='word_1_256' title='bbox 393 1822 595 1855; x_wconf 67' lang='lat' dir='ltr'>Mass-hasten</span> <span class='ocrx_word' id='word_1_257' title='bbox 636 1824 702 1854; x_wconf 83' lang='lat' dir='ltr'>und</span> <span class='ocrx_word' id='word_1_258' title='bbox 735 1834 794 1855; x_wconf 87' lang='lat' dir='ltr'>zur</span> 
     </span>
     <span class='ocr_line' id='line_1_32' title="bbox 127 1866 793 1907; baseline 0.002 -8"><span class='ocrx_word' id='word_1_259' title='bbox 127 1866 356 1907; x_wconf 84' lang='lat' dir='ltr'>Vermeidung</span> <span class='ocrx_word' id='word_1_260' title='bbox 374 1868 459 1899; x_wconf 84' lang='lat' dir='ltr'>auch</span> <span class='ocrx_word' id='word_1_261' title='bbox 477 1868 533 1899; x_wconf 87' lang='lat' dir='ltr'>des</span> <span class='ocrx_word' id='word_1_262' title='bbox 552 1868 710 1900; x_wconf 86' lang='lat' dir='ltr'>Scheines</span> <span class='ocrx_word' id='word_1_263' title='bbox 728 1879 793 1900; x_wconf 78' lang='lat' dir='ltr'>von</span> 
     </span>
     <span class='ocr_line' id='line_1_33' title="bbox 128 1911 792 1954; baseline 0.003 -12"><span class='ocrx_word' id='word_1_264' title='bbox 128 1911 292 1951; x_wconf 71' lang='lat' dir='ltr'>Winkiir,</span> <span class='ocrx_word' id='word_1_265' title='bbox 309 1912 387 1944; x_wconf 88' lang='lat' dir='ltr'>tritt</span> <span class='ocrx_word' id='word_1_266' title='bbox 404 1913 512 1953; x_wconf 82' lang='lat' dir='ltr'>gleich</span> <span class='ocrx_word' id='word_1_267' title='bbox 529 1923 568 1944; x_wconf 90' lang='lat' dir='ltr'>zu</span> <span class='ocrx_word' id='word_1_268' title='bbox 581 1912 710 1954; x_wconf 82' lang='lat' dir='ltr'>Anfang</span> <span class='ocrx_word' id='word_1_269' title='bbox 727 1912 792 1946; x_wconf 85' lang='lat' dir='ltr'>auf.</span> 
     </span>
     <span class='ocr_line' id='line_1_34' title="bbox 129 1956 795 2000; baseline 0.005 -12"><span class='ocrx_word' id='word_1_270' title='bbox 129 1956 198 1988; x_wconf 87' lang='lat' dir='ltr'>Der</span> <span class='ocrx_word' id='word_1_271' title='bbox 222 1956 345 1988; x_wconf 83' lang='lat' dir='ltr'>Zweck</span> <span class='ocrx_word' id='word_1_272' title='bbox 378 1957 519 1989; x_wconf 85' lang='lat' dir='ltr'>Caesars</span> <span class='ocrx_word' id='word_1_273' title='bbox 550 1958 628 2000; x_wconf 84' lang='lat' dir='ltr'>ging</span> <span class='ocrx_word' id='word_1_274' title='bbox 660 1957 795 1991; x_wconf 88' lang='lat' dir='ltr'>freilich</span> 
     </span>
     <span class='ocr_line' id='line_1_35' title="bbox 128 2003 384 2034; baseline -0.004 0"><span class='ocrx_word' id='word_1_275' title='bbox 128 2006 236 2034; x_wconf 86' lang='lat' dir='ltr'>etwas</span> <span class='ocrx_word' id='word_1_276' title='bbox 255 2003 384 2033; x_wconf 86' lang='lat' dir='ltr'>weiter.</span> 
     </span>
    </p>

    <p class='ocr_par' dir='ltr' id='par_1_8' title="bbox 129 2046 791 2178">
     <span class='ocr_line' id='line_1_36' title="bbox 173 2046 791 2081; baseline 0.003 -3"><span class='ocrx_word' id='word_1_277' title='bbox 173 2046 247 2078; x_wconf 77' lang='lat' dir='ltr'>odio</span> <span class='ocrx_word' id='word_1_278' title='bbox 266 2071 273 2078; x_wconf 89' lang='lat'><strong><em>.</em></strong></span> <span class='ocrx_word' id='word_1_279' title='bbox 293 2071 301 2079; x_wconf 91' lang='lat'><strong><em>.</em></strong></span> <span class='ocrx_word' id='word_1_280' title='bbox 319 2072 326 2078; x_wconf 89' lang='lat'>.</span> <span class='ocrx_word' id='word_1_281' title='bbox 349 2047 597 2080; x_wconf 76' lang='lat' dir='ltr'>misericordia.-</span> <span class='ocrx_word' id='word_1_282' title='bbox 624 2049 685 2080; x_wconf 90' lang='lat' dir='ltr'>Die</span> <span class='ocrx_word' id='word_1_283' title='bbox 716 2049 791 2081; x_wconf 85' lang='lat' dir='ltr'>vier</span> 
     </span>
     <span class='ocr_line' id='line_1_37' title="bbox 129 2091 791 2135; baseline 0.005 -12"><span class='ocrx_word' id='word_1_284' title='bbox 129 2091 271 2133; x_wconf 80' lang='lat' dir='ltr'>Begrili&#39;e</span> <span class='ocrx_word' id='word_1_285' title='bbox 289 2093 323 2123; x_wconf 90' lang='lat' dir='ltr'>in</span> <span class='ocrx_word' id='word_1_286' title='bbox 342 2092 427 2123; x_wconf 85' lang='lat' dir='ltr'>zwei</span> <span class='ocrx_word' id='word_1_287' title='bbox 445 2092 590 2132; x_wconf 71' lang='lat' dir='ltr'>Paaren,</span> <span class='ocrx_word' id='word_1_288' title='bbox 616 2094 683 2134; x_wconf 86' lang='lat' dir='ltr'>vgl.</span> <span class='ocrx_word' id='word_1_289' title='bbox 702 2105 742 2125; x_wconf 92' lang='lat' dir='ltr'>zu</span> <span class='ocrx_word' id='word_1_290' title='bbox 759 2094 791 2135; x_wconf 88' lang='lat'>6,</span> 
     </span>
     <span class='ocr_line' id='line_1_38' title="bbox 129 2136 716 2178; baseline 0.003 -10"><span class='ocrx_word' id='word_1_291' title='bbox 129 2137 144 2168; x_wconf 92' lang='lat'>1</span> <span class='ocrx_word' id='word_1_292' title='bbox 161 2147 169 2176; x_wconf 85' lang='lat'><em>3</em></span> <span class='ocrx_word' id='word_1_293' title='bbox 187 2137 262 2168; x_wconf 87' lang='lat' dir='ltr'>hier</span> <span class='ocrx_word' id='word_1_294' title='bbox 279 2136 308 2168; x_wconf 91' lang='lat' dir='ltr'>in</span> <span class='ocrx_word' id='word_1_295' title='bbox 328 2137 588 2178; x_wconf 86' lang='lat' dir='ltr'>anaphorischer</span> <span class='ocrx_word' id='word_1_296' title='bbox 606 2138 716 2170; x_wconf 86' lang='lat' dir='ltr'>Form.</span> 
     </span>
    </p>

    <p class='ocr_par' dir='ltr' id='par_1_9' title="bbox 127 2182 792 2359">
     <span class='ocr_line' id='line_1_39' title="bbox 174 2182 792 2224; baseline 0.003 -11"><span class='ocrx_word' id='word_1_297' title='bbox 174 2182 204 2213; x_wconf 87' lang='lat'>2.</span> <span class='ocrx_word' id='word_1_298' title='bbox 240 2183 373 2224; x_wconf 72' lang='lat' dir='ltr'>paruit:</span> <span class='ocrx_word' id='word_1_299' title='bbox 410 2182 454 2214; x_wconf 87' lang='lat' dir='ltr'>W</span> <span class='ocrx_word' id='word_1_300' title='bbox 458 2193 494 2214; x_wconf 87' lang='lat' dir='ltr'>er</span> <span class='ocrx_word' id='word_1_301' title='bbox 519 2184 694 2223; x_wconf 84' lang='lat' dir='ltr'>gehorcht,</span> <span class='ocrx_word' id='word_1_302' title='bbox 732 2184 792 2216; x_wconf 85' lang='lat' dir='ltr'>der</span> 
     </span>
     <span class='ocr_line' id='line_1_40' title="bbox 127 2227 792 2269; baseline 0.003 -11"><span class='ocrx_word' id='word_1_303' title='bbox 127 2227 237 2267; x_wconf 62' lang='lat' dir='ltr'>„liisst</span> <span class='ocrx_word' id='word_1_304' title='bbox 261 2228 333 2259; x_wconf 87' lang='lat' dir='ltr'>sich</span> <span class='ocrx_word' id='word_1_305' title='bbox 357 2227 500 2260; x_wconf 85' lang='lat' dir='ltr'>leiten.“</span> <span class='ocrx_word' id='word_1_306' title='bbox 547 2228 623 2269; x_wconf 86' lang='lat' dir='ltr'>Das,</span> <span class='ocrx_word' id='word_1_307' title='bbox 649 2238 719 2260; x_wconf 87' lang='lat' dir='ltr'>was</span> <span class='ocrx_word' id='word_1_308' title='bbox 736 2229 792 2260; x_wconf 84' lang='lat' dir='ltr'>ihu</span> 
     </span>
     <span class='ocr_line' id='line_1_41' title="bbox 127 2272 792 2312; baseline 0.005 -9"><span class='ocrx_word' id='word_1_309' title='bbox 127 2272 235 2312; x_wconf 84' lang='lat' dir='ltr'>leitet,</span> <span class='ocrx_word' id='word_1_310' title='bbox 264 2273 435 2304; x_wconf 85' lang='lat' dir='ltr'>erscheint</span> <span class='ocrx_word' id='word_1_311' title='bbox 458 2273 628 2305; x_wconf 81' lang='lat' dir='ltr'>entweder</span> <span class='ocrx_word' id='word_1_312' title='bbox 645 2274 694 2305; x_wconf 82' lang='lat' dir='ltr'>als</span> <span class='ocrx_word' id='word_1_313' title='bbox 712 2284 792 2306; x_wconf 90' lang='lat' dir='ltr'>vor-</span> 
     </span>
     <span class='ocr_line' id='line_1_42' title="bbox 130 2317 792 2359; baseline 0.006 -12"><span class='ocrx_word' id='word_1_314' title='bbox 130 2317 280 2349; x_wconf 82' lang='lat' dir='ltr'>handene</span> <span class='ocrx_word' id='word_1_315' title='bbox 295 2317 442 2350; x_wconf 87' lang='lat' dir='ltr'>Ursache</span> <span class='ocrx_word' id='word_1_316' title='bbox 471 2318 557 2359; x_wconf 83' lang='lat' dir='ltr'>(hier</span> <span class='ocrx_word' id='word_1_317' title='bbox 574 2318 692 2355; x_wconf 70' lang='lat' dir='ltr'>lubido)</span> <span class='ocrx_word' id='word_1_318' title='bbox 711 2319 792 2352; x_wconf 85' lang='lat' dir='ltr'>oder</span> 
     </span>
    </p>
   </div>
   <div class='ocr_carea' id='block_1_6' title="bbox 94 2362 791 2405">
    <p class='ocr_par' dir='ltr' id='par_1_10' title="bbox 94 2362 791 2405">
     <span class='ocr_line' id='line_1_43' title="bbox 94 2362 791 2405; baseline 0.006 -13"><span class='ocrx_word' id='word_1_319' title='bbox 94 2363 103 2373; x_wconf 81' lang='lat'>⁸</span> <span class='ocrx_word' id='word_1_320' title='bbox 126 2362 180 2393; x_wconf 78' lang='lat' dir='ltr'>als</span> <span class='ocrx_word' id='word_1_321' title='bbox 211 2372 252 2392; x_wconf 92' lang='lat' dir='ltr'>zu</span> <span class='ocrx_word' id='word_1_322' title='bbox 283 2363 514 2395; x_wconf 81' lang='lat' dir='ltr'>erreiehendes</span> <span class='ocrx_word' id='word_1_323' title='bbox 547 2363 634 2405; x_wconf 85' lang='lat' dir='ltr'>Ziel,</span> <span class='ocrx_word' id='word_1_324' title='bbox 668 2364 791 2396; x_wconf 84' lang='lat' dir='ltr'>Zweck</span> 
     </span>
    </p>
   </div>
   <div class='ocr_carea' id='block_1_7' title="bbox 123 2406 794 2632">
    <p class='ocr_par' dir='ltr' id='par_1_11' title="bbox 123 2406 794 2582">
     <span class='ocr_line' id='line_1_44' title="bbox 126 2406 791 2451; baseline 0.006 -14"><span class='ocrx_word' id='word_1_325' title='bbox 126 2406 216 2446; x_wconf 74' lang='lat' dir='ltr'>(hier</span> <span class='ocrx_word' id='word_1_326' title='bbox 244 2408 350 2444; x_wconf 75' lang='lat' dir='ltr'>usus).</span> <span class='ocrx_word' id='word_1_327' title='bbox 389 2407 488 2440; x_wconf 81' lang='lat' dir='ltr'>Corn.</span> <span class='ocrx_word' id='word_1_328' title='bbox 517 2408 597 2451; x_wconf 84' lang='lat' dir='ltr'>Nep.</span> <span class='ocrx_word' id='word_1_329' title='bbox 629 2409 737 2441; x_wconf 72' lang='lat' dir='ltr'>A‘leib.</span> <span class='ocrx_word' id='word_1_330' title='bbox 770 2410 791 2441; x_wconf 83' lang='lat'>4</span> 
     </span>
     <span class='ocr_line' id='line_1_45' title="bbox 125 2450 794 2495; baseline 0.004 -13"><span class='ocrx_word' id='word_1_331' title='bbox 125 2450 264 2494; x_wconf 74' lang='lat' dir='ltr'>plusque</span> <span class='ocrx_word' id='word_1_332' title='bbox 294 2453 364 2484; x_wconf 77' lang='lat' dir='ltr'>irae</span> <span class='ocrx_word' id='word_1_333' title='bbox 394 2463 475 2484; x_wconf 77' lang='lat' dir='ltr'>suae</span> <span class='ocrx_word' id='word_1_334' title='bbox 516 2464 616 2495; x_wconf 80' lang='lat' dir='ltr'>quam</span> <span class='ocrx_word' id='word_1_335' title='bbox 651 2454 794 2486; x_wconf 72' lang='lat' dir='ltr'>utilitati</span> 
     </span>
     <span class='ocr_line' id='line_1_46' title="bbox 123 2498 790 2540; baseline 0.006 -13"><span class='ocrx_word' id='word_1_336' title='bbox 123 2498 302 2528; x_wconf 77' lang='lat' dir='ltr'>communi</span> <span class='ocrx_word' id='word_1_337' title='bbox 322 2499 486 2540; x_wconf 79' lang='lat' dir='ltr'>paruisse.</span> <span class='ocrx_word' id='word_1_338' title='bbox 505 2518 547 2522; x_wconf 96' lang='lat'>—</span> <span class='ocrx_word' id='word_1_339' title='bbox 562 2499 628 2531; x_wconf 87' lang='lat' dir='ltr'>Das</span> <span class='ocrx_word' id='word_1_340' title='bbox 646 2498 790 2532; x_wconf 81' lang='lat' dir='ltr'>Perfect.</span> 
     </span>
     <span class='ocr_line' id='line_1_47' title="bbox 128 2541 313 2582; baseline -0.011 -8"><span class='ocrx_word' id='word_1_341' title='bbox 128 2541 194 2574; x_wconf 83' lang='lat' dir='ltr'>wie</span> <span class='ocrx_word' id='word_1_342' title='bbox 215 2542 266 2582; x_wconf 88' lang='lat'>11,</span> <span class='ocrx_word' id='word_1_343' title='bbox 285 2541 313 2573; x_wconf 91' lang='lat'>3.</span> 
     </span>
    </p>

    <p class='ocr_par' dir='ltr' id='par_1_12' title="bbox 173 2585 791 2632">
     <span class='ocr_line' id='line_1_48' title="bbox 173 2585 791 2632; baseline 0.003 -14"><span class='ocrx_word' id='word_1_344' title='bbox 173 2586 203 2618; x_wconf 89' lang='lat'>3.</span> <span class='ocrx_word' id='word_1_345' title='bbox 240 2585 423 2619; x_wconf 61' lang='lat' dir='ltr'>intendetis</span> <span class='ocrx_word' id='word_1_346' title='bbox 445 2606 489 2611; x_wconf 91' lang='lat'><strong>—</strong></span> <span class='ocrx_word' id='word_1_347' title='bbox 513 2588 677 2632; x_wconf 78' lang='lat' dir='ltr'>possidet:</span> <span class='ocrx_word' id='word_1_348' title='bbox 717 2588 791 2622; x_wconf 83' lang='lat' dir='ltr'>Nur</span> 
     </span>
    </p>
   </div>
   <div class='ocr_carea' id='block_1_8' title="bbox 862 1506 1536 2359">
    <p class='ocr_par' dir='ltr' id='par_1_13' title="bbox 868 1506 1536 1637">
     <span class='ocr_line' id='line_1_49' title="bbox 868 1506 1535 1548; baseline 0 -9"><span class='ocrx_word' id='word_1_349' title='bbox 868 1508 928 1539; x_wconf 86' lang='lat' dir='ltr'>der</span> <span class='ocrx_word' id='word_1_350' title='bbox 945 1518 1009 1539; x_wconf 84' lang='lat' dir='ltr'>von</span> <span class='ocrx_word' id='word_1_351' title='bbox 1027 1507 1086 1539; x_wconf 86' lang='lat' dir='ltr'>der</span> <span class='ocrx_word' id='word_1_352' title='bbox 1110 1506 1217 1539; x_wconf 67' lang='lat' dir='ltr'>lubido</span> <span class='ocrx_word' id='word_1_353' title='bbox 1236 1508 1327 1539; x_wconf 82' lang='lat' dir='ltr'>nicht</span> <span class='ocrx_word' id='word_1_354' title='bbox 1345 1508 1535 1548; x_wconf 82' lang='lat' dir='ltr'>eingcnom-</span> 
     </span>
     <span class='ocr_line' id='line_1_50' title="bbox 868 1552 1536 1596; baseline 0 -12"><span class='ocrx_word' id='word_1_355' title='bbox 868 1563 959 1584; x_wconf 83' lang='lat' dir='ltr'>mene</span> <span class='ocrx_word' id='word_1_356' title='bbox 989 1553 1192 1591; x_wconf 77' lang='lat' dir='ltr'>(besessene)</span> <span class='ocrx_word' id='word_1_357' title='bbox 1223 1552 1319 1585; x_wconf 82' lang='lat' dir='ltr'>Geist</span> <span class='ocrx_word' id='word_1_358' title='bbox 1335 1554 1392 1585; x_wconf 85' lang='lat' dir='ltr'>hat</span> <span class='ocrx_word' id='word_1_359' title='bbox 1409 1554 1536 1596; x_wconf 84' lang='lat' dir='ltr'>Spanu-</span> 
     </span>
     <span class='ocr_line' id='line_1_51' title="bbox 868 1596 1393 1637; baseline 0.002 -9"><span class='ocrx_word' id='word_1_360' title='bbox 868 1596 977 1637; x_wconf 83' lang='lat' dir='ltr'>kraft3</span> <span class='ocrx_word' id='word_1_361' title='bbox 997 1599 1099 1629; x_wconf 88' lang='lat' dir='ltr'>daher</span> <span class='ocrx_word' id='word_1_362' title='bbox 1117 1598 1176 1629; x_wconf 89' lang='lat' dir='ltr'>der</span> <span class='ocrx_word' id='word_1_363' title='bbox 1195 1596 1393 1637; x_wconf 81' lang='lat' dir='ltr'>Gegensatz.</span> 
     </span>
    </p>

    <p class='ocr_par' dir='ltr' id='par_1_14' title="bbox 866 1643 1533 1908">
     <span class='ocr_line' id='line_1_52' title="bbox 913 1643 1533 1684; baseline 0.003 -11"><span class='ocrx_word' id='word_1_364' title='bbox 913 1643 943 1673; x_wconf 82' lang='lat'>4.</span> <span class='ocrx_word' id='word_1_365' title='bbox 970 1653 1052 1684; x_wconf 75' lang='lat' dir='ltr'>quae</span> <span class='ocrx_word' id='word_1_366' title='bbox 1078 1653 1177 1684; x_wconf 79' lang='lat' dir='ltr'>reges</span> <span class='ocrx_word' id='word_1_367' title='bbox 1207 1648 1269 1675; x_wconf 86' lang='lat' dir='ltr'>etc.</span> <span class='ocrx_word' id='word_1_368' title='bbox 1300 1643 1432 1675; x_wconf 84' lang='lat' dir='ltr'>Audere</span> <span class='ocrx_word' id='word_1_369' title='bbox 1450 1643 1533 1675; x_wconf 86' lang='lat' dir='ltr'>Les-</span> 
     </span>
     <span class='ocr_line' id='line_1_53' title="bbox 867 1687 1533 1729; baseline 0 -9"><span class='ocrx_word' id='word_1_370' title='bbox 867 1692 921 1720; x_wconf 83' lang='lat' dir='ltr'>art</span> <span class='ocrx_word' id='word_1_371' title='bbox 945 1689 1002 1729; x_wconf 73' lang='lat' dir='ltr'>qui</span> <span class='ocrx_word' id='word_1_372' title='bbox 1028 1698 1126 1728; x_wconf 78' lang='lat' dir='ltr'>reges</span> <span class='ocrx_word' id='word_1_373' title='bbox 1151 1693 1214 1720; x_wconf 83' lang='lat' dir='ltr'>ete.</span> <span class='ocrx_word' id='word_1_374' title='bbox 1245 1707 1287 1711; x_wconf 89' lang='lat'><strong>—</strong></span> <span class='ocrx_word' id='word_1_375' title='bbox 1318 1689 1382 1720; x_wconf 82' lang='lat' dir='ltr'>Das</span> <span class='ocrx_word' id='word_1_376' title='bbox 1413 1687 1533 1728; x_wconf 83' lang='lat' dir='ltr'>object</span> 
     </span>
     <span class='ocr_line' id='line_1_54' title="bbox 867 1732 1530 1774; baseline 0.003 -11"><span class='ocrx_word' id='word_1_377' title='bbox 867 1743 932 1763; x_wconf 88' lang='lat' dir='ltr'>von</span> <span class='ocrx_word' id='word_1_378' title='bbox 949 1733 1175 1764; x_wconf 71' lang='lat' dir='ltr'>consuluerint</span> <span class='ocrx_word' id='word_1_379' title='bbox 1198 1733 1272 1765; x_wconf 91' lang='lat' dir='ltr'>sind</span> <span class='ocrx_word' id='word_1_380' title='bbox 1290 1734 1343 1765; x_wconf 88' lang='lat' dir='ltr'>die</span> <span class='ocrx_word' id='word_1_381' title='bbox 1361 1732 1530 1774; x_wconf 82' lang='lat' dir='ltr'>gefassten</span> 
     </span>
     <span class='ocr_line' id='line_1_55' title="bbox 867 1777 1532 1820; baseline 0.002 -11"><span class='ocrx_word' id='word_1_382' title='bbox 867 1777 1065 1810; x_wconf 79' lang='lat' dir='ltr'>Beschliisse</span> <span class='ocrx_word' id='word_1_383' title='bbox 1101 1778 1224 1818; x_wconf 81' lang='lat' dir='ltr'>selbst3</span> <span class='ocrx_word' id='word_1_384' title='bbox 1268 1779 1340 1810; x_wconf 83' lang='lat' dir='ltr'>also</span> <span class='ocrx_word' id='word_1_385' title='bbox 1374 1779 1421 1810; x_wconf 86' lang='lat' dir='ltr'>ist</span> <span class='ocrx_word' id='word_1_386' title='bbox 1449 1789 1532 1820; x_wconf 73' lang='lat' dir='ltr'>quae</span> 
     </span>
     <span class='ocr_line' id='line_1_56' title="bbox 866 1822 1531 1866; baseline 0.003 -12"><span class='ocrx_word' id='word_1_387' title='bbox 866 1824 986 1855; x_wconf 78' lang='lat' dir='ltr'>Aecus.</span> <span class='ocrx_word' id='word_1_388' title='bbox 1006 1823 1062 1855; x_wconf 87' lang='lat' dir='ltr'>des</span> <span class='ocrx_word' id='word_1_389' title='bbox 1092 1822 1236 1863; x_wconf 85' lang='lat' dir='ltr'>lnhalts;</span> <span class='ocrx_word' id='word_1_390' title='bbox 1265 1824 1455 1866; x_wconf 86' lang='lat' dir='ltr'>passivisch</span> <span class='ocrx_word' id='word_1_391' title='bbox 1472 1834 1531 1865; x_wconf 86' lang='lat' dir='ltr'>ge-</span> 
     </span>
     <span class='ocr_line' id='line_1_57' title="bbox 866 1868 1140 1908; baseline 0.004 -9"><span class='ocrx_word' id='word_1_392' title='bbox 866 1868 997 1900; x_wconf 85' lang='lat' dir='ltr'>wendet</span> <span class='ocrx_word' id='word_1_393' title='bbox 1016 1869 1068 1908; x_wconf 82' lang='lat'>52,</span> <span class='ocrx_word' id='word_1_394' title='bbox 1087 1868 1140 1900; x_wconf 65' lang='lat'>35.</span> 
     </span>
    </p>

    <p class='ocr_par' dir='ltr' id='par_1_15' title="bbox 862 1913 1532 2224">
     <span class='ocr_line' id='line_1_58' title="bbox 912 1913 1531 1947; baseline 0.002 -3"><span class='ocrx_word' id='word_1_395' title='bbox 912 1915 941 1944; x_wconf 84' lang='lat'>5.</span> <span class='ocrx_word' id='word_1_396' title='bbox 968 1915 1134 1945; x_wconf 75' lang='lat' dir='ltr'>creverat:</span> <span class='ocrx_word' id='word_1_397' title='bbox 1163 1913 1225 1945; x_wconf 88' lang='lat' dir='ltr'>Die</span> <span class='ocrx_word' id='word_1_398' title='bbox 1256 1913 1401 1945; x_wconf 85' lang='lat' dir='ltr'>Rhodier</span> <span class='ocrx_word' id='word_1_399' title='bbox 1417 1915 1531 1947; x_wconf 83' lang='lat' dir='ltr'>hatten</span> 
     </span>
     <span class='ocr_line' id='line_1_59' title="bbox 866 1958 1531 1999; baseline 0.002 -9"><span class='ocrx_word' id='word_1_400' title='bbox 866 1958 916 1990; x_wconf 87' lang='lat' dir='ltr'>als</span> <span class='ocrx_word' id='word_1_401' title='bbox 936 1959 1103 1991; x_wconf 86' lang='lat' dir='ltr'>niitzliche</span> <span class='ocrx_word' id='word_1_402' title='bbox 1123 1958 1416 1999; x_wconf 81' lang='lat' dir='ltr'>Bundesgenossen</span> <span class='ocrx_word' id='word_1_403' title='bbox 1434 1959 1531 1992; x_wconf 87' lang='lat' dir='ltr'>Roms</span> 
     </span>
     <span class='ocr_line' id='line_1_60' title="bbox 866 2004 1531 2047; baseline 0.002 -12"><span class='ocrx_word' id='word_1_404' title='bbox 866 2004 948 2036; x_wconf 82' lang='lat' dir='ltr'>nach</span> <span class='ocrx_word' id='word_1_405' title='bbox 974 2004 1159 2044; x_wconf 79' lang='lat' dir='ltr'>Besiegung</span> <span class='ocrx_word' id='word_1_406' title='bbox 1183 2005 1240 2035; x_wconf 82' lang='lat' dir='ltr'>des</span> <span class='ocrx_word' id='word_1_407' title='bbox 1258 2004 1444 2036; x_wconf 82' lang='lat' dir='ltr'>Antiochus</span> <span class='ocrx_word' id='word_1_408' title='bbox 1462 2004 1531 2047; x_wconf 82' lang='lat' dir='ltr'>Ly-</span> 
     </span>
     <span class='ocr_line' id='line_1_61' title="bbox 867 2047 1531 2081; baseline 0.002 -1"><span class='ocrx_word' id='word_1_409' title='bbox 867 2049 940 2081; x_wconf 87' lang='lat' dir='ltr'>cien</span> <span class='ocrx_word' id='word_1_410' title='bbox 958 2049 1023 2080; x_wconf 89' lang='lat' dir='ltr'>und</span> <span class='ocrx_word' id='word_1_411' title='bbox 1041 2047 1168 2080; x_wconf 77' lang='lat' dir='ltr'>Rarien</span> <span class='ocrx_word' id='word_1_412' title='bbox 1198 2049 1361 2081; x_wconf 77' lang='lat' dir='ltr'>crhalteu.</span> <span class='ocrx_word' id='word_1_413' title='bbox 1398 2049 1444 2081; x_wconf 86' lang='lat'><em>1111</em></span> <span class='ocrx_word' id='word_1_414' title='bbox 1462 2059 1531 2081; x_wconf 87' lang='lat' dir='ltr'>ma-</span> 
     </span>
     <span class='ocr_line' id='line_1_62' title="bbox 863 2093 1531 2134; baseline 0 -8"><span class='ocrx_word' id='word_1_415' title='bbox 863 2095 931 2126; x_wconf 84' lang='lat' dir='ltr'>ced.</span> <span class='ocrx_word' id='word_1_416' title='bbox 962 2093 1088 2134; x_wconf 69' lang='lat' dir='ltr'>liriege</span> <span class='ocrx_word' id='word_1_417' title='bbox 1120 2094 1260 2125; x_wconf 85' lang='lat' dir='ltr'>wurden</span> <span class='ocrx_word' id='word_1_418' title='bbox 1300 2095 1349 2126; x_wconf 91' lang='lat' dir='ltr'>sie</span> <span class='ocrx_word' id='word_1_419' title='bbox 1379 2095 1439 2126; x_wconf 83' lang='lat' dir='ltr'>den</span> <span class='ocrx_word' id='word_1_420' title='bbox 1469 2094 1531 2126; x_wconf 71' lang='lat' dir='ltr'>Ra·-</span> 
     </span>
     <span class='ocr_line' id='line_1_63' title="bbox 862 2139 1532 2181; baseline 0.001 -11"><span class='ocrx_word' id='word_1_421' title='bbox 862 2149 954 2170; x_wconf 87' lang='lat' dir='ltr'>mern</span> <span class='ocrx_word' id='word_1_422' title='bbox 983 2139 1190 2180; x_wconf 61' lang='lat' dir='ltr'>verdiichtig,</span> <span class='ocrx_word' id='word_1_423' title='bbox 1220 2140 1458 2171; x_wconf 87' lang='lat' dir='ltr'>unternahmen</span> <span class='ocrx_word' id='word_1_424' title='bbox 1477 2139 1532 2181; x_wconf 83' lang='lat' dir='ltr'>je-</span> 
     </span>
     <span class='ocr_line' id='line_1_64' title="bbox 864 2184 1380 2224; baseline 0 -9"><span class='ocrx_word' id='word_1_425' title='bbox 864 2185 947 2216; x_wconf 90' lang='lat' dir='ltr'>doch</span> <span class='ocrx_word' id='word_1_426' title='bbox 965 2184 1074 2216; x_wconf 86' lang='lat' dir='ltr'>nichts</span> <span class='ocrx_word' id='word_1_427' title='bbox 1094 2184 1177 2215; x_wconf 83' lang='lat' dir='ltr'>offen</span> <span class='ocrx_word' id='word_1_428' title='bbox 1197 2193 1298 2224; x_wconf 83' lang='lat' dir='ltr'>gegen</span> <span class='ocrx_word' id='word_1_429' title='bbox 1319 2184 1380 2216; x_wconf 85' lang='lat' dir='ltr'>sie.</span> 
     </span>
    </p>

    <p class='ocr_par' dir='ltr' id='par_1_16' title="bbox 864 2228 1531 2359">
     <span class='ocr_line' id='line_1_65' title="bbox 907 2228 1530 2261; baseline 0 -1"><span class='ocrx_word' id='word_1_430' title='bbox 907 2230 1054 2260; x_wconf 72' lang='lat' dir='ltr'>maiores</span> <span class='ocrx_word' id='word_1_431' title='bbox 1068 2253 1075 2260; x_wconf 91' lang='lat'><strong><em>.</em></strong></span> <span class='ocrx_word' id='word_1_432' title='bbox 1097 2255 1103 2260; x_wconf 92' lang='lat'>.</span> <span class='ocrx_word' id='word_1_433' title='bbox 1123 2254 1130 2261; x_wconf 95' lang='lat'><strong>.</strong></span> <span class='ocrx_word' id='word_1_434' title='bbox 1148 2228 1322 2261; x_wconf 62' lang='lat' dir='ltr'>dimisere:</span> <span class='ocrx_word' id='word_1_435' title='bbox 1342 2230 1406 2261; x_wconf 88' lang='lat' dir='ltr'>Der</span> <span class='ocrx_word' id='word_1_436' title='bbox 1423 2229 1530 2261; x_wconf 74' lang='lat' dir='ltr'>&#39;ziltere</span> 
     </span>
     <span class='ocr_line' id='line_1_66' title="bbox 864 2273 1530 2315; baseline 0 -10"><span class='ocrx_word' id='word_1_437' title='bbox 864 2273 945 2305; x_wconf 81' lang='lat' dir='ltr'>Cato</span> <span class='ocrx_word' id='word_1_438' title='bbox 971 2274 1092 2315; x_wconf 86' lang='lat' dir='ltr'>sprach</span> <span class='ocrx_word' id='word_1_439' title='bbox 1123 2274 1167 2305; x_wconf 86' lang='lat' dir='ltr'>im</span> <span class='ocrx_word' id='word_1_440' title='bbox 1199 2275 1300 2306; x_wconf 80' lang='lat' dir='ltr'>Senat</span> <span class='ocrx_word' id='word_1_441' title='bbox 1332 2284 1437 2315; x_wconf 84' lang='lat' dir='ltr'>gegen</span> <span class='ocrx_word' id='word_1_442' title='bbox 1469 2274 1530 2306; x_wconf 87' lang='lat' dir='ltr'>den</span> 
     </span>
     <span class='ocr_line' id='line_1_67' title="bbox 865 2317 1531 2359; baseline 0.002 -9"><span class='ocrx_word' id='word_1_443' title='bbox 865 2317 971 2359; x_wconf 76' lang='lat' dir='ltr'>Krieg</span> <span class='ocrx_word' id='word_1_444' title='bbox 990 2320 1053 2350; x_wconf 91' lang='lat' dir='ltr'>und</span> <span class='ocrx_word' id='word_1_445' title='bbox 1071 2329 1107 2350; x_wconf 86' lang='lat' dir='ltr'>er</span> <span class='ocrx_word' id='word_1_446' title='bbox 1126 2319 1325 2351; x_wconf 80' lang='lat' dir='ltr'>unterblieb.</span> <span class='ocrx_word' id='word_1_447' title='bbox 1344 2318 1420 2350; x_wconf 83' lang='lat' dir='ltr'>Man</span> <span class='ocrx_word' id='word_1_448' title='bbox 1436 2320 1531 2351; x_wconf 82' lang='lat' dir='ltr'>hatte</span> 
     </span>
    </p>
   </div>
   <div class='ocr_carea' id='block_1_9' title="bbox 858 2363 1529 2406">
    <p class='ocr_par' dir='ltr' id='par_1_17' title="bbox 858 2363 1529 2406">
     <span class='ocr_line' id='line_1_68' title="bbox 858 2363 1529 2406; baseline 0 -10"><span class='ocrx_word' id='word_1_449' title='bbox 858 2364 981 2406; x_wconf 83' lang='lat' dir='ltr'>jedoch</span> <span class='ocrx_word' id='word_1_450' title='bbox 1010 2364 1115 2396; x_wconf 88' lang='lat' dir='ltr'>durch</span> <span class='ocrx_word' id='word_1_451' title='bbox 1137 2365 1233 2395; x_wconf 75' lang='lat' dir='ltr'>hai-te</span> <span class='ocrx_word' id='word_1_452' title='bbox 1258 2363 1456 2406; x_wconf 86' lang='lat' dir='ltr'>Drohungen</span> <span class='ocrx_word' id='word_1_453' title='bbox 1474 2365 1529 2396; x_wconf 81' lang='lat' dir='ltr'>die</span> 
     </span>
    </p>
   </div>
   <div class='ocr_carea' id='block_1_10' title="bbox 863 2408 1537 2631">
    <p class='ocr_par' dir='ltr' id='par_1_18' title="bbox 863 2408 1537 2631">
     <span class='ocr_line' id='line_1_69' title="bbox 863 2408 1530 2442; baseline 0.001 -2"><span class='ocrx_word' id='word_1_454' title='bbox 863 2408 1023 2441; x_wconf 89' lang='lat' dir='ltr'>feindlich</span> <span class='ocrx_word' id='word_1_455' title='bbox 1042 2409 1226 2441; x_wconf 82' lang='lat' dir='ltr'>Gesinnten</span> <span class='ocrx_word' id='word_1_456' title='bbox 1251 2419 1315 2441; x_wconf 90' lang='lat' dir='ltr'>von</span> <span class='ocrx_word' id='word_1_457' title='bbox 1351 2410 1409 2441; x_wconf 89' lang='lat' dir='ltr'>der</span> <span class='ocrx_word' id='word_1_458' title='bbox 1440 2409 1530 2442; x_wconf 84' lang='lat' dir='ltr'>Insel</span> 
     </span>
     <span class='ocr_line' id='line_1_70' title="bbox 864 2452 1528 2498; baseline 0 -12"><span class='ocrx_word' id='word_1_459' title='bbox 864 2452 1011 2486; x_wconf 65' lang='lat' dir='ltr'>entfei‘nt</span> <span class='ocrx_word' id='word_1_460' title='bbox 1027 2454 1092 2485; x_wconf 88' lang='lat' dir='ltr'>und</span> <span class='ocrx_word' id='word_1_461' title='bbox 1108 2454 1203 2485; x_wconf 78' lang='lat' dir='ltr'>nahin</span> <span class='ocrx_word' id='word_1_462' title='bbox 1222 2464 1285 2485; x_wconf 91' lang='lat' dir='ltr'>nun</span> <span class='ocrx_word' id='word_1_463' title='bbox 1305 2455 1390 2487; x_wconf 84' lang='lat' dir='ltr'>auch</span> <span class='ocrx_word' id='word_1_464' title='bbox 1402 2454 1528 2498; x_wconf 77' lang='lat' dir='ltr'>Lycieu</span> 
     </span>
     <span class='ocr_line' id='line_1_71' title="bbox 863 2498 1528 2539; baseline 0.002 -9"><span class='ocrx_word' id='word_1_465' title='bbox 863 2499 928 2530; x_wconf 87' lang='lat' dir='ltr'>und</span> <span class='ocrx_word' id='word_1_466' title='bbox 949 2498 1072 2531; x_wconf 77' lang='lat' dir='ltr'>Harien</span> <span class='ocrx_word' id='word_1_467' title='bbox 1098 2499 1223 2531; x_wconf 85' lang='lat' dir='ltr'>wieder</span> <span class='ocrx_word' id='word_1_468' title='bbox 1251 2509 1333 2539; x_wconf 84' lang='lat' dir='ltr'>weg.</span> <span class='ocrx_word' id='word_1_469' title='bbox 1381 2500 1440 2531; x_wconf 80' lang='lat' dir='ltr'>Die</span> <span class='ocrx_word' id='word_1_470' title='bbox 1469 2510 1528 2532; x_wconf 86' lang='lat' dir='ltr'>an-</span> 
     </span>
     <span class='ocr_line' id='line_1_72' title="bbox 864 2543 1527 2585; baseline 0.002 -10"><span class='ocrx_word' id='word_1_471' title='bbox 864 2544 1016 2584; x_wconf 80' lang='lat' dir='ltr'>gebliche</span> <span class='ocrx_word' id='word_1_472' title='bbox 1049 2543 1244 2577; x_wconf 84' lang='lat' dir='ltr'>Grossmuth</span> <span class='ocrx_word' id='word_1_473' title='bbox 1284 2555 1354 2576; x_wconf 86' lang='lat' dir='ltr'>war</span> <span class='ocrx_word' id='word_1_474' title='bbox 1385 2545 1527 2585; x_wconf 84' lang='lat' dir='ltr'>hierbei,</span> 
     </span>
     <span class='ocr_line' id='line_1_73' title="bbox 863 2588 1537 2631; baseline 0.006 -12"><span class='ocrx_word' id='word_1_475' title='bbox 863 2589 929 2620; x_wconf 86' lang='lat' dir='ltr'>wie</span> <span class='ocrx_word' id='word_1_476' title='bbox 947 2590 1028 2620; x_wconf 83' lang='lat' dir='ltr'>auch</span> <span class='ocrx_word' id='word_1_477' title='bbox 1049 2588 1265 2622; x_wconf 83' lang='lat' dir='ltr'>bekanntlieh</span> <span class='ocrx_word' id='word_1_478' title='bbox 1282 2590 1316 2621; x_wconf 90' lang='lat' dir='ltr'>in</span> <span class='ocrx_word' id='word_1_479' title='bbox 1334 2590 1395 2622; x_wconf 88' lang='lat' dir='ltr'>den</span> <span class='ocrx_word' id='word_1_480' title='bbox 1412 2589 1537 2631; x_wconf 76' lang='lat' dir='ltr'>gleich.</span> 
     </span>
    </p>
   </div>
  </div>
 </body>
</html>
