1720 2875
188 110 263 149 122
670 109 704 140 c.
731 108 941 142 SALLUST1
964 108 1098 142 cmsm

180 213 303 252 ciatus
325 211 500 263 corporis
522 211 724 262 deprecor.
774 211 909 262 Regno
931 212 1154 258 Numidiae,
1185 215 1289 264 quod
1310 221 1489 255 vostrum
1516 222 1591 260 est,

183 268 236 308 uti
256 267 364 307 lubet
385 267 604 306 consulite:
633 280 696 306 me
721 268 901 307 manibus
929 268 1045 320 inpiis
1073 269 1225 320 eripite,
1247 282 1319 321 per
1347 273 1589 312 maiestatem

178 324 337 376 imperi,
367 337 438 375 per
457 324 648 363 amicitiae
670 324 807 368 fidem,
836 325 869 363 si
892 325 966 363 ulla
989 325 1092 376 apud
1115 338 1183 364 vos
1207 329 1393 367 memoria
1412 335 1591 369 remanet

178 382 236 421 avi
258 381 334 419 mei
354 380 622 419 Masinissae.“

102 444 155 478 25
290 436 359 475 His
376 437 518 475 litteris
535 437 704 476 recitatis
722 440 830 476 fuere
855 438 923 488 qui
945 438 1159 477 exercitum
1178 439 1218 477 in
1234 439 1406 479 Africam
1425 441 1589 481 mittun-

176 495 267 532 dum
291 499 500 532 censerent
528 500 566 532 et
590 506 707 545 quam
737 494 909 544 primum
938 495 1144 533 Adherbali
1173 495 1513 544 subveniundum3
1541 497 1590 537 de

176 550 360 600 Iugurtha
378 550 534 589 interim
554 551 610 589 uti
628 550 915 595 consuleretur,
930 551 1116 602 quoniam
1134 553 1267 601 legatis
1285 565 1366 592 non
1380 555 1588 604 paruisset.

133 616 152 646 2
179 607 254 646 Sed
277 606 323 645 ab
346 606 469 645 isdem
490 607 566 646 illis
587 607 690 657 regis
713 606 931 645 fautoribus
954 619 1108 646 summa
1130 621 1204 659 ope
1235 610 1411 657 enisum,
1439 623 1490 650 ue
1514 610 1590 650 tale

131 672 150 703 3
177 663 378 702 decretum
400 663 523 701 fieret.
568 663 625 702 lta
647 663 796 701 bonum
816 663 1015 714 publicum
1030 694 1038 710 ‚
1071 670 1114 702 ut
1134 665 1176 702 in
1197 665 1391 717 plerisque
1423 667 1589 718 negotiis

130 731 151 762 4
177 720 288 764 sole-t,
310 719 455 771 privata
477 719 602 768 gratia
623 720 830 758 devictum.
878 719 1074 770 Legantur
1095 726 1229 759 tamen
1251 722 1291 760 in
1313 723 1482 763 Africam
1504 736 1591 762 ma-

173 777 276 815 iores
298 781 394 815 natu
416 776 585 820 nobiles,
608 776 748 827 amplis
771 777 988 815 honoribus
1012 777 1092 816 usi:
1125 778 1164 815 in
1188 778 1275 829 quis
1297 779 1372 817 fuit
1391 779 1440 818 M.
1464 780 1589 820 Scau-

173 846 260 878 rus,
298 833 344 871 de
374 845 452 883 quo
483 845 600 884 supra
631 833 962 881 memoravimus,
998 834 1215 872 consularis
1247 841 1286 873 et
1315 842 1397 874 tum
1430 842 1588 876 senatus

175 890 367 940 princeps.

129 955 148 985 5
288 946 346 991 Ei,
369 946 472 997 quod
490 958 553 984 res
572 945 611 984 in
633 945 776 985 invidia
799 951 894 992 erat,
916 946 1031 984 siuml
1055 952 1094 985 et
1114 946 1162 985 ab
1180 946 1361 987 Numidis
1382 948 1588 994 obsecrati,

172 1003 303 1041 triduo
325 1002 453 1040 navim
487 1002 747 1048 adscendere,
778 1003 868 1041 dein
896 1002 1002 1040 brevi
1026 1002 1175 1041 Uticam
1199 1004 1349 1054 adpulsi
1371 1005 1518 1044 litteras
1540 1005 1586 1045 ad

174 1059 404 1109 Iugurtham
423 1059 605 1097 mittunt:
623 1071 739 1110 quam
757 1059 952 1098 ocissume
971 1059 1015 1097 ad
1033 1060 1275 1110 provinciam
1288 1062 1458 1107 accedat,
1467 1075 1588 1114 seque

127 1125 147 1157 6
174 1116 222 1154 ad
245 1128 335 1154 eum
358 1116 406 1154 ab
426 1121 562 1153 senatu
586 1115 741 1154 missos.
780 1116 846 1154 llle
867 1115 931 1153 ubi
954 1116 1103 1166 accepit
1124 1116 1305 1156 homines
1328 1119 1463 1162 claros,
1486 1131 1588 1170 quo-

172 1185 261 1211 rum
277 1172 547 1211 auctoritatem
559 1172 708 1210 Romae
720 1172 865 1223 pollere
880 1171 1094 1216 audiverat,
1108 1180 1243 1211 contra
1257 1174 1459 1225 inceptum
1472 1187 1588 1215 suum

173 1229 349 1274 venisse,
379 1228 505 1279 primo
528 1233 751 1267 commotus
772 1233 1019 1280 metuatque
1048 1228 1225 1268 lubidine
1254 1230 1435 1270 divorsus
1466 1232 1593 1283 agita-‘

126 1295 144 1325 7
171 1285 306 1324 batur:
321 1284 485 1324 timebat
496 1285 593 1323 iram
605 1296 674 1324 sen
681 1291 777 1330 atus,
790 1286 830 1324 ni
842 1285 1039 1336 paruisset
1049 1286 1185 1336 legatis
1196 1300 1206 1332 ς
1224 1299 1340 1337 porro
1351 1288 1507 1328 animus
1517 1300 1590 1328 cu-

123 1338 304 1393 's'pidine
321 1353 461 1380 caecus
479 1342 527 1379 ad
544 1342 746 1392 inceptum
765 1342 891 1380 scelus
909 1342 1144 1393 rapiebatur.
1171 1343 1266 1381 Vicit
1278 1345 1463 1383 tamenin
1475 1345 1586 1384 avido

126 1410 146 1441 9
170 1398 329 1448 ingenio
348 1410 510 1449 pravum
529 1398 747 1436 consilium.
787 1398 910 1449 Igitur
927 1399 1099 1438 exercitu
1116 1400 1355 1439 circumdato
1377 1413 1529 1440 summa
1551 1401 1589 1440 vi

171 1455 317 1494 Cirtam
333 1455 561 1506 inrumpere
577 1454 729 1501 nititur,
740 1467 921 1494 maxume
933 1467 1099 1506 sperans
1112 1456 1268 1495 diducta
1281 1469 1397 1497 manu
1410 1457 1585 1505 hostium

105 1522 149 1554 10
175 1518 242 1551 aut
263 1511 298 1550 vi
319 1518 386 1551 aut
407 1511 506 1550 dolis
529 1524 615 1550 sese
639 1524 773 1550 casum
796 1512 980 1551 victoriae
1001 1512 1267 1551 inventurum.
1299 1514 1413 1560 Quod
1435 1513 1504 1553 ubi
1523 1526 1587 1553 se-

171 1615 239 1646 Der
268 1614 367 1646 Sinn:
401 1615 479 1656 „ich
507 1614 583 1646 will
615 1624 697 1654 geru
731 1613 843 1646 unfrei

171 1660 237 1691 und
247 1660 401 1692 Anderen
419 1660 649 1691 unterworl'en
665 1660 749 1701 sein,
762 1660 843 1692 aber

172 1717 235 1736 nur
252 1706 325 1737 dem
343 1706 417 1746 Jug.
438 1706 566 1737 nieht‘fl

216 1751 304 1782 ulla.-
320 1751 464 1792 „irgend
478 1752 532 1782 ein
546 1750 739 1789 Andenken,
757 1750 842 1782 auch

172 1796 231 1827 das
248 1797 457 1837 geringste“.
489 1796 558 1827 Cic.
577 1795 616 1827 ad
636 1795 726 1827 Fam.
747 1798 776 1834 2,
800 1796 840 1828 16

171 1841 241 1883 filio
258 1851 384 1874 meo..
403 1866 423 1881 .,
451 1843 484 1873 si
509 1842 572 1872 erit
600 1840 670 1872 ulla
697 1850 753 1872 res
776 1850 840 1882 pu—

172 1887 272 1926 blica,
305 1889 390 1918 satis
418 1886 565 1930 amplum
595 1887 841 1927 patrimonium

171 1931 359 1973 relinquam
374 1933 572 1965 memoriam
589 1932 737 1962 nominis
754 1933 842 1962 mei.-

171 1978 224 2008 εἰη
241 1979 353 2008 autem
381 1977 472 2009 nulla
501 1979 576 2016 erit,
606 1977 691 2008 nihil
717 1975 842 2007 accidet

170 2025 203 2053 ei
216 2024 401 2063 separatim
418 2034 440 2054 a
455 2022 595 2064 reliquis
611 2022 743 2054 civibus.

216 2062 286 2100 25.
312 2067 342 2099 2.
369 2068 456 2100 mis.-
484 2068 627 2099 n'ainlich
656 2066 719 2099 den
737 2067 840 2098 schon

171 2114 297 2146 vorher
314 2115 383 2154 (15,
402 2115 434 2153 2)
453 2113 680 2146 erwiihnten‘fi

215 2162 365 2191 enisum:
389 2159 597 2201 passivisch:
617 2168 654 2190 so
672 2168 736 2189 nur
752 2157 837 2189 hier.

217 2207 248 2236 4.
275 2206 423 2236 maiores
446 2207 550 2236 natu:
578 2202 695 2235 friiher
723 2213 839 2234 waren

170 2252 239 2281 tres
266 2249 497 2282 adulescentes
526 2249 598 2289 (21,
628 2251 669 2289 4)
699 2248 841 2289 gesandt

177 2295 325 2327 worden.

214 2350 338 2382 supra:
358 2340 503 2372 n'zimlich
524 2340 574 2380 15,
594 2340 623 2370 4.

217 2386 248 2416 5.
273 2387 308 2417 in
333 2384 479 2417 invidia:
509 2384 654 2417 niimlich
678 2383 770 2427 apud
782 2393 840 2426 po-

173 2430 314 2472 pulum,·
344 2430 404 2462 der
436 2432 520 2463 auch
544 2435 639 2462 sonst
654 2429 841 2470 gebi-'auch-

173 2475 260 2506 liche
277 2475 455 2507 Ausdruck
479 2477 513 2507 in
542 2475 670 2508 invidia
697 2485 769 2506 esse
796 2474 841 2506 ist

175 2521 257 2552 eben
276 2531 312 2552 so
336 2531 377 2552 zu
395 2520 564 2560 erklisten,
582 2521 648 2552 wie
664 2522 701 2552 in
717 2521 842 2551 honore

173 2576 247 2597 esse
272 2566 337 2597 und
366 2565 530 2598 iihnliche.
562 2584 604 2589 ——
633 2565 701 2597 Der
735 2565 842 2604 allge-

917 1615 1026 1646 uieine
1045 1614 1204 1656 Unwille,
1234 1615 1296 1648 den
1315 1617 1371 1648 die
1398 1616 1504 1649 Sache
1533 1626 1587 1649 er-

918 1665 992 1700 regt
1009 1660 1113 1700 hatte,
1132 1661 1260 1693 machte
1279 1661 1355 1693 Eile
1373 1662 1501 1702 no'thig.

961 1716 1061 1747 seque
1071 1718 1082 1737 .·
1099 1707 1153 1738 die
1162 1707 1230 1739 Con
1231 1706 1385 1745 jum-,tion
1400 1705 1587 1749 quekniipft

916 1750 1010 1782 nicht
1026 1761 1067 1782 an
1085 1752 1138 1782 die
1155 1752 1451 1792 vorlici-gehenden
1462 1751 1586 1785 &Vorte

915 1796 973 1827 des
992 1795 1102 1828 Briefs
1119 1808 1171 1834 an,
1201 1797 1344 1828 sondern
1363 1798 1585 1830 unmittelbar

914 1851 954 1871 an
973 1841 1031 1873 das
1049 1852 1109 1873 aus
1137 1844 1275 1874 mittunt
1288 1853 1329 1873 zu
1346 1843 1584 1874 entnehmende

917 1885 1017 1918 verb.
1051 1887 1193 1919 dicendi.
1245 1887 1360 1927 Vergl.
1390 1898 1431 1920 zu
1461 1887 1516 1928 29,
1546 1889 1583 1927 53

918 1932 994 1972 109,
1013 1932 1042 1963 3.

961 1978 990 2008 6.
1016 1981 1106 2008 metu
1143 1980 1242 2019 atque
1273 1977 1436 2009 lubidine:
1464 1978 1586 2018 gehon-t

915 2032 987 2053 zum
1005 2022 1299 2063 Scffluswerbum,
1325 2023 1418 2055 nicht
1434 2034 1476 2054 zu
1493 2033 1582 2055 com·

913 2069 1035 2099 motus.

957 2112 1134 2145 ‹livor-sus.-
1151 2113 1346 2146 bezeichnct
1362 2114 1425 2146 den
1444 2114 1583 2146 inneren

914 2157 1121 2200 Zwiespalt,·
1146 2158 1219 2191 Liv.
1245 2159 1297 2197 26,
1317 2160 1336 2190 5
1363 2158 1583 2191 Hannibalem

913 2203 1085 2235 (livet-sum
1105 2202 1310 2236 Tarentinae
1333 2206 1424 2236 arcis
1449 2206 1584 2246 potiun—

913 2248 976 2280 dae
989 2249 1183 2292 Capuaeque
1199 2249 1389 2281 retinendae
1405 2250 1583 2282 trahebant

913 2304 1026 2326 curae.

962 2340 989 2371 7.
1013 2349 1135 2382 porro:
1152 2350 1193 2371 zu
1211 2339 1281 2371 Cat.
1301 2340 1354 2380 46,
1374 2339 1403 2371 2.

959 2385 991 2417 9.
1025 2384 1161 2416 diducta
1190 2390 1256 2416 etc.
1302 2384 1365 2416 Die
1393 2384 1500 2418 Sache
1529 2395 1582 2417 er-

914 2430 1007 2462 kliirt
1024 2430 1098 2461 sich
1114 2440 1174 2462 aus
1192 2430 1264 2462 dem
1282 2430 1579 2470 vorhergehenden

914 2474 1132 2507 circumdato.

958 2531 1095 2552 casum:
1119 2520 1304 2561 „zustillige
1327 2520 1484 2562 giinstige
1513 2519 1580 2553 Ge-

915 2565 1126 2606 legenheit“;
1145 2567 1200 2607 56,
1218 2568 1248 2597 4.
