1720 2875
95 302 113 332 7

70 585 119 621 74

92 1095 111 1127 2

90 1267 110 1298 3

63 1544 111 1580 75

141 139 218 178 174
626 137 661 170 C.
687 138 895 173 SALLUSTI
924 138 1059 172 cmspl

139 241 313 292 fidesque
333 240 374 279 in
396 240 577 279 manibus
599 240 693 280 sitae
715 247 846 288 erant,
875 241 1019 281 relictis
1048 242 1231 294 operibus
1253 243 1552 296 frequentarent

139 297 301 337 Marium
325 302 364 336 et
383 309 453 336 sua
476 297 694 336 necessaria
718 304 807 348 post
827 298 930 337 illius
952 299 1142 338 honorem
1158 299 1356 338 ducerent.
1388 300 1443 340 lta
1459 313 1552 352 per-

141 355 246 393 culsa
267 353 468 392 nobilitate
490 359 577 405 post
600 354 743 393 multas
765 361 1019 406 tempestates
1039 368 1139 395 novo
1156 356 1307 395 homini
1325 357 1552 397 consulatus

141 410 368 454 mandatum
389 415 428 448 et
449 415 583 462 postea
605 411 774 461 populus
796 424 815 450 a
838 412 996 451 tribuno
1018 412 1140 464 plebis
1157 411 1199 450 T.
1217 412 1356 452 Manlio
1372 413 1551 453 Mancino

140 472 312 516 rogatus,
333 479 450 517 quem
474 466 587 506 vellet
609 479 697 505 cum
722 467 905 518 iugurtha
925 468 1070 508 bellum
1093 481 1240 520 gerere,
1264 469 1451 521 frequens
1472 469 1552 509 Ma-

140 523 242 561 rium
263 523 389 561 iussit.
431 523 507 562 Sed
533 523 644 574 paulo
670 523 758 539 ****
783 524 1025 564 decreverat:
1049 539 1091 564 ea
1113 538 1176 564 res
1198 526 1341 565 frustra
1362 525 1447 564 suit.

251 578 399 618 Eodem
423 585 600 630 tempore
617 580 800 629 Iugurtha
824 580 975 620 amissis
994 583 1138 626 amicis,
1157 595 1325 633 quorum
1344 583 1553 634 plerosque

137 636 221 686 ipse
243 642 470 680 necaverat,
499 636 615 675 ceteri
643 636 852 676 formidine
875 650 961 688 pars
983 638 1029 676 ad
1051 639 1248 678 Romanos
1271 639 1331 678 alii
1355 639 1399 678 ad
1421 651 1552 690 regem

138 692 334 731 Bocchum
365 693 637 744 profugerant,
668 705 757 732 cum
787 706 915 744 neque
937 693 1081 733 bellum
1104 696 1184 746 geri
1207 695 1291 734 sine
1312 695 1554 734 administris

138 754 272 800 posset
301 755 340 788 et
370 761 563 788 novorum
586 750 701 789 iidem
726 749 765 788 in
788 755 891 789 tanta
915 751 1074 802 perfidia
1096 758 1271 791 veterum
1293 752 1460 803 experiri
1482 765 1552 803 pe-

138 805 352 845 riculosum
384 806 565 850 duceret,
595 808 722 846 varius
750 807 999 858 incertusque
1030 807 1207 858 agitabat..
1256 809 1391 859 Neque
1416 808 1468 847 illi
1490 820 1553 848 res

140 874 269 913 neque
290 862 499 901 consilium
523 869 589 902 aut
617 863 823 915 quisquam
847 863 1052 903 hominum
1076 865 1168 903 satis
1190 865 1384 916 placebat;
1412 865 1552 904 itinera

138 918 436 970 praefectosque
464 919 505 958 in
527 919 608 958 dies
631 926 802 965 mutare,
826 920 942 959 modo
964 921 1172 960 advorsum
1195 922 1331 967 hostis,
1354 921 1553 960 interdum

139 975 180 1014 in
201 975 431 1015 solitudines
452 988 626 1027 pergere.
649 989 764 1028 saepe
786 979 825 1015 in
847 977 936 1026 fuga
954 990 996 1016 ac
1012 983 1102 1028 post
1120 979 1232 1028 paulo
1250 978 1290 1015 in
1308 978 1427 1016 armis
1443 990 1552 1029 spem

140 1031 304 1078 habere,
334 1032 533 1077 dubitare,
563 1033 697 1072 virtuti
727 1046 776 1072 an
804 1033 894 1071 tidei
926 1034 1171 1084 popularium
1201 1034 1332 1073 minus
1354 1033 1552 1073 crederet:

136 1088 208 1135 ita,
238 1101 486 1140 quocumque
515 1089 758 1139 intenderat,
789 1101 851 1128 res
882 1090 1067 1129 advorsae
1097 1096 1217 1129 erant.
1268 1090 1345 1129 Sed
1367 1090 1469 1132 inter
1490 1103 1553 1130 eas

136 1157 267 1184 moras
288 1152 450 1197 repente
472 1158 558 1185 sese
578 1145 756 1185 Metellus
779 1158 868 1184 cum
892 1146 1063 1185 exercitu
1081 1147 1274 1192 ostendit;
1297 1147 1489 1186 Numidae
1507 1146 1553 1186 al)

135 1201 320 1252 Iugurtha
342 1214 412 1253 pro
435 1208 613 1253 tempore
636 1203 757 1253 parati
780 1203 1063 1254 instructique:
1086 1203 1176 1242 dein
1199 1204 1391 1255 proelium
1415 1203 1554 1255 incipi-

138 1263 211 1297 tur.
253 1259 335 1305 Qua
357 1258 398 1296 in
418 1264 526 1310 parte
547 1271 616 1297 rex
636 1271 790 1310 ,pugnae
821 1259 960 1305 adfuit,
994 1260 1047 1298 ibi
1076 1260 1312 1311 aliquamdiu
1342 1265 1554 1305 certatum;

139 1315 258 1354 ceteri
280 1315 362 1354 eius
385 1327 524 1354 omnes
547 1315 688 1354 milites
709 1316 836 1367 primo
859 1327 1071 1367 congressu
1092 1317 1192 1368 pulsi
1215 1317 1425 1368 fugatique.
1474 1316 1553 1355 Ro-

138 1371 246 1410 mani
267 1371 468 1422 signorum
494 1377 532 1411 et
552 1384 752 1412 armorum
775 1372 974 1424 aliquanto
996 1385 1175 1419 numero,
1212 1374 1387 1412 hostium
1409 1385 1552 1425 pauco—

137 1440 226 1466 rum
249 1428 381 1479 potiti:
405 1440 496 1467 nam
518 1429 643 1467 ferme
660 1429 839 1468 Numidis
859 1429 899 1468 in
918 1430 1100 1469 omnibus
1118 1430 1275 1481 proeliis
1293 1430 1416 1481 magis
1434 1429 1552 1480 pedes

139 1497 257 1536 quam
279 1497 384 1524 arma
406 1491 487 1524 tuta
510 1492 616 1524 sunt.

245 1541 297 1580 Ea
329 1542 417 1593 fuga
439 1542 625 1592 Iugurtha
647 1542 852 1594 inpensius
874 1543 991 1582 modo
1015 1543 1133 1582 rebus
1158 1543 1238 1582 suis
1260 1542 1441 1582 diffidens
1463 1554 1552 1581 cum

927 1646 1107 1678 Bocchum:
1128 1646 1181 1685 19,
1201 1646 1230 1677 7.

928 1693 1059 1723 varius.
1073 1691 1258 1733 agitabat:
1275 1690 1343 1731 vgl.
1362 1701 1403 1722 zu
1420 1691 1473 1729 55,
1491 1690 1522 1721 2.

930 1738 960 1768 3.
986 1738 1089 1769 celet-i
1115 1761 1121 1767 .
1145 1761 1152 1769 .
1181 1761 1187 1767 .
1210 1736 1352 1768 milites:
1383 1746 1420 1767 so
1453 1744 1553 1776 ange-

177 1644 515 1687 post....dncerent:
536 1646 601 1687 vgl.
625 1646 676 1685 15,
698 1648 711 1679 1
732 1648 809 1678 ante

126 1691 234 1732 sacta
250 1700 315 1722 sua
327 1693 504 1733 ponerent:
521 1692 605 1723 auch
622 1690 692 1723 Cat.
710 1691 763 1732 23,
777 1692 808 1724 6.

183 1737 212 1767 7.
237 1745 327 1767 cons.
350 1736 554 1768 mandatur:
580 1735 634 1768 fiir
652 1737 710 1768 das
727 1737 810 1770 Jahr

137 1780 200 1812 647
229 1781 341 1820 (107);
369 1783 440 1813 sein
467 1781 603 1823 College
629 1782 745 1814 wurde
772 1784 808 1814 1..

138 1825 275 1857 Cassius
294 1825 467 1866 Longinus
486 1828 540 1867 (zu
559 1828 611 1868 32,
634 1829 675 1863 1).

183 1870 329 1903 Manlio.-
345 1872 404 1903 Ais
422 1871 608 1904 Vornamen
623 1872 725 1913 geben
741 1872 810 1904 An-

138 1917 217 1948 dere
237 1915 270 1948 C.
289 1927 342 1948 an.

185 1960 335 1994 Marium
352 1963 450 1994 iussit
466 1966 530 1994 etc.
556 1962 616 1994 Die
630 1962 808 2004 folgenden

136 2005 262 2039 Worte
275 2007 346 2038 siud
361 2017 421 2047 arg
432 2007 617 2039 verd01·ben
633 2019 662 2039 u.
674 2008 809 2040 liicken-

135 2051 225 2091 hast3
258 2052 313 2084 die
346 2052 460 2084 bisher
491 2054 660 2094 gangbare
692 2053 810 2086 Lesart

136 2097 196 2129 sed
214 2100 353 2129 senatus
374 2097 474 2141 paulo
499 2101 576 2130 ante
596 2098 719 2131 Metello
738 2097 808 2131 Nu-

136 2141 280 2174 midiam
306 2142 495 2176 decreverat
511 2144 635 2176 beruht
652 2143 712 2176 auf
725 2154 808 2184 ganz

137 2188 333 2220 unsiehereu
358 2188 584 2229 Grundlagen.
627 2190 807 2223 Mommsen

137 2233 187 2273 (R.
208 2232 246 2266 G.
263 2233 305 2265 ll⁴
322 2245 349 2275 p.
372 2236 443 2273 150)
459 2235 558 2267 weist
577 2235 626 2267 sie
641 2236 808 2267 entschie—

136 2279 197 2310 den
216 2280 341 2311 zuriick
351 2280 416 2311 und
426 2281 628 2321 vermuthet‚
643 2280 718 2312 dass
734 2281 808 2312 hier

136 2329 240 2356 etwas
258 2335 342 2365 ganz
361 2325 502 2357 anderes
516 2326 698 2366 gestanden
714 2327 808 2365 habe,

136 2373 226 2400 etwa
240 2368 325 2402 Mar,
341 2372 452 2402 iussit.
479 2370 534 2411 [Ei
548 2373 599 2403 uti
613 2370 721 2404 Gallia
732 2382 808 2414 pro-

137 2415 248 2445 vincia
260 2416 370 2456 es]set‚
381 2416 482 2458 paulo
497 2417 586 2457 [ante
595 2418 744 2457 senalus]
753 2416 808 2448 de-

137 2463 292 2492 creverat.

181 2499 251 2537 74·
282 2507 307 2538 1.
325 2505 439 2537 eodem
453 2509 614 2549 ternpore.-
628 2506 671 2539 lin
686 2507 809 2539 weiter

138 2548 314 2590 folgenden
333 2551 457 2583 kommt
471 2552 551 2584 Sall.
573 2563 645 2584 zum
663 2553 807 2584 zweitcn

136 2594 303 2636 Feldzuge
317 2596 374 2628 des
386 2596 555 2637 Metellus,
568 2598 693 2630 i..1.647
708 2599 808 2636 (107).

883 1781 1011 1823 kniipft,
1028 1782 1080 1814 als
1091 1791 1185 1813 wenn
1197 1781 1318 1813 vorhcr
1331 1785 1448 1822 gesagt
1462 1781 1554 1812 w'zire

882 1828 1000 1868 quibus
1024 1827 1196 1858 militibus
1218 1837 1283 1859 rex
1297 1826 1424 1868 adsuit,
1448 1826 1490 1857 ab
1505 1827 1554 1857 eis

882 1873 924 1904 ul.
942 1875 1118 1904 certatum.

927 1917 1119 1959 aliquanto:
1138 1917 1206 1949 Der
1223 1917 1295 1948 rein
1308 1915 1553 1957 adjectivisehe

884 1962 1060 1995 Gebrauch
1077 1963 1188 1995 dieses
1203 1961 1344 1994 VVortes
1362 1962 1464 1994 findet
1481 1961 1554 1993 sich

881 2009 935 2040 bei
954 2007 1035 2039 Sall.
1063 2009 1145 2040 noch
1173 2009 1245 2045 105,
1263 2009 1284 2040 4
1302 2007 1366 2039 und
1394 2007 1425 2037 in
1448 2007 1553 2039 einen}

882 2053 1012 2093 Fragm.
1030 2054 1130 2094 (Hist.
1147 2054 1178 2093 2,
1193 2053 1233 2084 ‘29
1249 2051 1323 2092 Er.)
1338 2052 1553 2094 aliquantam

877 2101 1013 2142 partem.
1025 2099 1171 2140 gloriae.

926 2145 1073 2176 hostium
1090 2154 1296 2187 pancorum.-
1321 2142 1397 2176 Man
1415 2142 1552 2173 beachte

881 2190 942 2221 den
956 2189 1114 2222 Wechsel
1129 2190 1189 2222 der
1203 2188 1482 2221 Constructionen
1497 2187 1552 2218 bei

902 2236 986 2266 otili.

877 2245 900 2278 P
928 2278 1088 2312 Numidis
1105 2305 1113 2312 .
1132 2305 1138 2311 .
1161 2305 1167 2310 .
1186 2282 1279 2310 tuta:
1296 2278 1361 2310 Das
1378 2277 1552 2310 praedicat

881 2326 927 2357 ist
942 2327 1024 2357 nach
1039 2326 1110 2357 dem
1125 2324 1422 2363 niihersteheudem
1441 2333 1552 2355 wenn-

881 2371 992 2412 gleich
1042 2370 1347 2411 untergeordneten
1396 2368 1552 2409 Verglei-

881 2416 1097 2455 chuugsglied
1117 2415 1315 2453 construirt,
1333 2414 1396 2445 wie
1411 2414 1481 2445 Cat.
1497 2413 1551 2453 25,

882 2462 913 2492 3.
933 2479 974 2483 ——
994 2460 1120 2501 VVegen
1146 2463 1239 2491 tutus
1259 2459 1473 2501 „Sicherheit
1495 2468 1551 2499 ge-

881 2506 1040 2538 w'ahrend
1052 2510 1072 2523 “
1116 2506 1183 2547 vgl.
1219 2505 1290 2538 Cat.
1324 2506 1377 2543 41,
1415 2504 1453 2543 23
1491 2503 1548 2535 Or.

882 2551 960 2592 Lep.
987 2552 1017 2583 8.

929 2593 998 2631 75·
1028 2598 1055 2629 1.
1082 2598 1255 2639 inpensius
1268 2595 1383 2627 modo:
1394 2605 1435 2626 zu
1449 2594 1503 2635 47,
1514 2594 1550 2626 3:
