<?xml version="1.0" encoding="UTF-8"?>
<!DOCTYPE html PUBLIC "-//W3C//DTD XHTML 1.0 Transitional//EN"
    "http://www.w3.org/TR/xhtml1/DTD/xhtml1-transitional.dtd">
<html xmlns="http://www.w3.org/1999/xhtml" xml:lang="en" lang="en">
 <head>
  <title>
</title>
<meta http-equiv="Content-Type" content="text/html;charset=utf-8" />
  <meta name='ocr-system' content='tesseract 3.04.00' />
  <meta name='ocr-capabilities' content='ocr_page ocr_carea ocr_par ocr_line ocrx_word'/>
</head>
<body>
  <div class='ocr_page' id='page_1' title='image "./deconiurationeca00salluoft_0082.png"; bbox 0 0 1720 2875; ppageno 0'>
   <div class='ocr_carea' id='block_1_1' title="bbox 187 87 1104 127">
    <p class='ocr_par' dir='ltr' id='par_1_1' title="bbox 187 87 1104 127">
     <span class='ocr_line' id='line_1_1' title="bbox 187 87 1104 127; baseline 0.004 -9"><span class='ocrx_word' id='word_1_1' title='bbox 187 89 240 127; x_wconf 87' lang='grc'>74</span> <span class='ocrx_word' id='word_1_2' title='bbox 672 88 707 120; x_wconf 86' lang='lat' dir='ltr'>C.</span> <span class='ocrx_word' id='word_1_3' title='bbox 735 87 944 121; x_wconf 79' lang='lat' dir='ltr'>SALLUSTI</span> <span class='ocrx_word' id='word_1_4' title='bbox 969 88 1104 122; x_wconf 75' lang='lat' dir='ltr'>calsPl</span> 
     </span>
    </p>
   </div>
   <div class='ocr_carea' id='block_1_2' title="bbox 119 188 1595 247">
    <p class='ocr_par' dir='ltr' id='par_1_2' title="bbox 119 188 1595 247">
     <span class='ocr_line' id='line_1_2' title="bbox 119 188 1595 247; baseline 0.005 -19"><span class='ocrx_word' id='word_1_5' title='bbox 119 199 160 232; x_wconf 83' lang='lat'>29</span> <span class='ocrx_word' id='word_1_6' title='bbox 187 189 254 241; x_wconf 93' lang='lat' dir='ltr'>qui</span> <span class='ocrx_word' id='word_1_7' title='bbox 288 202 373 229; x_wconf 86' lang='lat' dir='ltr'>rem</span> <span class='ocrx_word' id='word_1_8' title='bbox 409 188 601 240; x_wconf 84' lang='lat' dir='ltr'>publicam</span> <span class='ocrx_word' id='word_1_9' title='bbox 638 202 773 229; x_wconf 85' lang='lat' dir='ltr'>eorum</span> <span class='ocrx_word' id='word_1_10' title='bbox 796 195 1019 230; x_wconf 87' lang='lat' dir='ltr'>tractarent.</span> <span class='ocrx_word' id='word_1_11' title='bbox 1064 191 1108 231; x_wconf 94' lang='lat' dir='ltr'>Ei</span> <span class='ocrx_word' id='word_1_12' title='bbox 1129 192 1255 244; x_wconf 91' lang='lat' dir='ltr'>primo</span> <span class='ocrx_word' id='word_1_13' title='bbox 1276 206 1440 246; x_wconf 88' lang='lat' dir='ltr'>coepere</span> <span class='ocrx_word' id='word_1_14' title='bbox 1454 207 1595 247; x_wconf 81' lang='lat' dir='ltr'>pessu-</span> 
     </span>
    </p>
   </div>
   <div class='ocr_carea' id='block_1_3' title="bbox 186 246 1593 304">
    <p class='ocr_par' dir='ltr' id='par_1_3' title="bbox 186 246 1593 304">
     <span class='ocr_line' id='line_1_3' title="bbox 186 246 1593 304; baseline 0.006 -20"><span class='ocrx_word' id='word_1_15' title='bbox 186 259 295 286; x_wconf 89' lang='lat' dir='ltr'>mum</span> <span class='ocrx_word' id='word_1_16' title='bbox 317 258 514 297; x_wconf 83' lang='lat' dir='ltr'><strong>quemque</strong></span> <span class='ocrx_word' id='word_1_17' title='bbox 534 252 573 284; x_wconf 89' lang='lat' dir='ltr'>et</span> <span class='ocrx_word' id='word_1_18' title='bbox 593 246 775 285; x_wconf 87' lang='lat' dir='ltr'>omnibus</span> <span class='ocrx_word' id='word_1_19' title='bbox 796 247 965 286; x_wconf 86' lang='lat' dir='ltr'>invisum</span> <span class='ocrx_word' id='word_1_20' title='bbox 986 247 1256 288; x_wconf 88' lang='lat' dir='ltr'>indemnatum</span> <span class='ocrx_word' id='word_1_21' title='bbox 1279 263 1436 295; x_wconf 82' lang='lat' dir='ltr'>necare;</span> <span class='ocrx_word' id='word_1_22' title='bbox 1457 265 1500 292; x_wconf 85' lang='lat' dir='ltr'>ea</span> <span class='ocrx_word' id='word_1_23' title='bbox 1520 265 1593 304; x_wconf 89' lang='lat' dir='ltr'>po-</span> 
     </span>
    </p>
   </div>
   <div class='ocr_carea' id='block_1_4' title="bbox 118 302 1593 357">
    <p class='ocr_par' dir='ltr' id='par_1_4' title="bbox 118 302 1593 357">
     <span class='ocr_line' id='line_1_4' title="bbox 118 302 1593 357; baseline 0.003 -13"><span class='ocrx_word' id='word_1_24' title='bbox 118 313 160 346; x_wconf 86' lang='lat'>30</span> <span class='ocrx_word' id='word_1_25' title='bbox 185 303 300 354; x_wconf 89' lang='lat' dir='ltr'>pulus</span> <span class='ocrx_word' id='word_1_26' title='bbox 321 302 452 341; x_wconf 70' lang='lat' dir='ltr'>laetari</span> <span class='ocrx_word' id='word_1_27' title='bbox 470 308 508 340; x_wconf 87' lang='lat' dir='ltr'>et</span> <span class='ocrx_word' id='word_1_28' title='bbox 529 303 667 342; x_wconf 88' lang='lat' dir='ltr'>merito</span> <span class='ocrx_word' id='word_1_29' title='bbox 689 303 817 342; x_wconf 80' lang='lat' dir='ltr'>dicere</span> <span class='ocrx_word' id='word_1_30' title='bbox 838 304 942 342; x_wconf 78' lang='lat' dir='ltr'>fieri:</span> <span class='ocrx_word' id='word_1_31' title='bbox 980 311 1082 355; x_wconf 84' lang='lat' dir='ltr'>post,</span> <span class='ocrx_word' id='word_1_32' title='bbox 1119 303 1185 344; x_wconf 89' lang='lat' dir='ltr'>ubi</span> <span class='ocrx_word' id='word_1_33' title='bbox 1221 307 1404 357; x_wconf 80' lang='lat' dir='ltr'>paulatim</span> <span class='ocrx_word' id='word_1_34' title='bbox 1435 307 1593 348; x_wconf 89' lang='lat' dir='ltr'>licentia</span> 
     </span>
    </p>
   </div>
   <div class='ocr_carea' id='block_1_5' title="bbox 186 357 1594 408">
    <p class='ocr_par' dir='ltr' id='par_1_5' title="bbox 186 357 1594 408">
     <span class='ocr_line' id='line_1_5' title="bbox 186 357 1594 408; baseline 0.005 -10"><span class='ocrx_word' id='word_1_35' title='bbox 186 359 317 405; x_wconf 82' lang='lat' dir='ltr'>crevit,</span> <span class='ocrx_word' id='word_1_36' title='bbox 338 358 443 397; x_wconf 81' lang='lat' dir='ltr'>iuxta</span> <span class='ocrx_word' id='word_1_37' title='bbox 464 357 589 398; x_wconf 89' lang='lat' dir='ltr'>bonos</span> <span class='ocrx_word' id='word_1_38' title='bbox 612 365 650 398; x_wconf 87' lang='lat' dir='ltr'>et</span> <span class='ocrx_word' id='word_1_39' title='bbox 672 361 793 398; x_wconf 87' lang='lat' dir='ltr'>malos</span> <span class='ocrx_word' id='word_1_40' title='bbox 815 359 1034 400; x_wconf 82' lang='lat' dir='ltr'>lubidinose</span> <span class='ocrx_word' id='word_1_41' title='bbox 1056 362 1289 408; x_wconf 80' lang='lat' dir='ltr'>interlicere,</span> <span class='ocrx_word' id='word_1_42' title='bbox 1316 369 1465 404; x_wconf 90' lang='lat' dir='ltr'>ceteros</span> <span class='ocrx_word' id='word_1_43' title='bbox 1486 371 1594 405; x_wconf 89' lang='lat' dir='ltr'>metu</span> 
     </span>
    </p>
   </div>
   <div class='ocr_carea' id='block_1_6' title="bbox 117 415 1595 527">
    <p class='ocr_par' dir='ltr' id='par_1_6' title="bbox 117 415 1595 527">
     <span class='ocr_line' id='line_1_6' title="bbox 117 415 1595 472; baseline 0.006 -19"><span class='ocrx_word' id='word_1_44' title='bbox 117 426 157 458; x_wconf 83' lang='lat'>31</span> <span class='ocrx_word' id='word_1_45' title='bbox 187 422 346 454; x_wconf 86' lang='lat' dir='ltr'>terrere.</span> <span class='ocrx_word' id='word_1_46' title='bbox 378 415 433 453; x_wconf 90' lang='lat' dir='ltr'>lta</span> <span class='ocrx_word' id='word_1_47' title='bbox 455 415 589 454; x_wconf 88' lang='lat' dir='ltr'>civitas</span> <span class='ocrx_word' id='word_1_48' title='bbox 610 416 797 455; x_wconf 79' lang='lat' dir='ltr'>servitute</span> <span class='ocrx_word' id='word_1_49' title='bbox 814 429 998 468; x_wconf 85' lang='lat' dir='ltr'>oppressa</span> <span class='ocrx_word' id='word_1_50' title='bbox 1020 418 1158 457; x_wconf 82' lang='lat' dir='ltr'>stultae</span> <span class='ocrx_word' id='word_1_51' title='bbox 1175 418 1344 458; x_wconf 86' lang='lat' dir='ltr'>laetitiae</span> <span class='ocrx_word' id='word_1_52' title='bbox 1360 421 1484 470; x_wconf 86' lang='lat' dir='ltr'>gravis</span> <span class='ocrx_word' id='word_1_53' title='bbox 1498 434 1595 472; x_wconf 86' lang='lat' dir='ltr'>poe-</span> 
     </span>
     <span class='ocr_line' id='line_1_7' title="bbox 119 470 1595 527; baseline 0.005 -18"><span class='ocrx_word' id='word_1_54' title='bbox 119 482 159 515; x_wconf 85' lang='lat'>32</span> <span class='ocrx_word' id='word_1_55' title='bbox 185 483 257 519; x_wconf 85' lang='lat' dir='ltr'>nas</span> <span class='ocrx_word' id='word_1_56' title='bbox 274 470 390 510; x_wconf 84' lang='lat' dir='ltr'>dedit.</span> <span class='ocrx_word' id='word_1_57' title='bbox 415 470 555 511; x_wconf 85' lang='lat' dir='ltr'>Nostra</span> <span class='ocrx_word' id='word_1_58' title='bbox 574 473 762 512; x_wconf 89' lang='lat' dir='ltr'>memoria</span> <span class='ocrx_word' id='word_1_59' title='bbox 779 473 900 511; x_wconf 88' lang='lat' dir='ltr'>victor</span> <span class='ocrx_word' id='word_1_60' title='bbox 920 473 1023 512; x_wconf 87' lang='lat' dir='ltr'>Sulla</span> <span class='ocrx_word' id='word_1_61' title='bbox 1042 487 1130 513; x_wconf 88' lang='lat' dir='ltr'>cum</span> <span class='ocrx_word' id='word_1_62' title='bbox 1149 475 1426 527; x_wconf 77' lang='lat' dir='ltr'>Damasippum</span> <span class='ocrx_word' id='word_1_63' title='bbox 1444 483 1482 516; x_wconf 87' lang='lat' dir='ltr'>et</span> <span class='ocrx_word' id='word_1_64' title='bbox 1498 477 1595 517; x_wconf 87' lang='lat' dir='ltr'>alios</span> 
     </span>
    </p>
   </div>
   <div class='ocr_carea' id='block_1_7' title="bbox 183 526 1594 693">
    <p class='ocr_par' dir='ltr' id='par_1_7' title="bbox 183 526 1594 693">
     <span class='ocr_line' id='line_1_8' title="bbox 185 526 1594 585; baseline 0.005 -19"><span class='ocrx_word' id='word_1_65' title='bbox 185 527 269 567; x_wconf 88' lang='lat' dir='ltr'>eius</span> <span class='ocrx_word' id='word_1_66' title='bbox 291 526 407 573; x_wconf 91' lang='lat' dir='ltr'>modi,</span> <span class='ocrx_word' id='word_1_67' title='bbox 430 527 497 579; x_wconf 90' lang='lat' dir='ltr'>qui</span> <span class='ocrx_word' id='word_1_68' title='bbox 519 529 619 568; x_wconf 91' lang='lat' dir='ltr'>malo</span> <span class='ocrx_word' id='word_1_69' title='bbox 641 529 696 568; x_wconf 93' lang='lat' dir='ltr'>rei</span> <span class='ocrx_word' id='word_1_70' title='bbox 720 529 895 580; x_wconf 86' lang='lat' dir='ltr'>publicae</span> <span class='ocrx_word' id='word_1_71' title='bbox 917 538 1130 580; x_wconf 83' lang='lat' dir='ltr'>creverant,</span> <span class='ocrx_word' id='word_1_72' title='bbox 1167 532 1331 582; x_wconf 88' lang='lat' dir='ltr'>iugulari</span> <span class='ocrx_word' id='word_1_73' title='bbox 1359 532 1483 579; x_wconf 87' lang='lat' dir='ltr'>iussit,</span> <span class='ocrx_word' id='word_1_74' title='bbox 1505 534 1594 585; x_wconf 87' lang='lat' dir='ltr'>quis</span> 
     </span>
     <span class='ocr_line' id='line_1_9' title="bbox 183 583 1592 642; baseline 0.005 -20"><span class='ocrx_word' id='word_1_75' title='bbox 183 595 264 623; x_wconf 92' lang='lat' dir='ltr'>non</span> <span class='ocrx_word' id='word_1_76' title='bbox 287 584 432 623; x_wconf 82' lang='lat' dir='ltr'>factum</span> <span class='ocrx_word' id='word_1_77' title='bbox 454 585 547 623; x_wconf 84' lang='lat' dir='ltr'>eius·</span> <span class='ocrx_word' id='word_1_78' title='bbox 560 583 773 624; x_wconf 77' lang='lat' dir='ltr'>laudabat?</span> <span class='ocrx_word' id='word_1_79' title='bbox 822 585 999 625; x_wconf 89' lang='lat' dir='ltr'>homiues</span> <span class='ocrx_word' id='word_1_80' title='bbox 1021 588 1205 627; x_wconf 84' lang='lat' dir='ltr'>scelestos</span> <span class='ocrx_word' id='word_1_81' title='bbox 1235 596 1273 627; x_wconf 80' lang='lat' dir='ltr'>et</span> <span class='ocrx_word' id='word_1_82' title='bbox 1300 589 1496 636; x_wconf 80' lang='lat' dir='ltr'>factiosos,</span> <span class='ocrx_word' id='word_1_83' title='bbox 1524 590 1592 642; x_wconf 91' lang='lat' dir='ltr'>qui</span> 
     </span>
     <span class='ocr_line' id='line_1_10' title="bbox 183 641 1594 693; baseline 0.005 -14"><span class='ocrx_word' id='word_1_84' title='bbox 183 641 439 680; x_wconf 83' lang='lat' dir='ltr'>seditionibus</span> <span class='ocrx_word' id='word_1_85' title='bbox 460 653 544 680; x_wconf 82' lang='lat' dir='ltr'>rem</span> <span class='ocrx_word' id='word_1_86' title='bbox 567 641 759 692; x_wconf 80' lang='lat' dir='ltr'>publicam</span> <span class='ocrx_word' id='word_1_87' title='bbox 777 642 1076 693; x_wconf 81' lang='lat' dir='ltr'>exagitaverant,</span> <span class='ocrx_word' id='word_1_88' title='bbox 1094 645 1234 684; x_wconf 88' lang='lat' dir='ltr'>merito</span> <span class='ocrx_word' id='word_1_89' title='bbox 1253 652 1409 685; x_wconf 87' lang='lat' dir='ltr'>necatos</span> <span class='ocrx_word' id='word_1_90' title='bbox 1425 645 1594 686; x_wconf 87' lang='lat' dir='ltr'>aiebant.</span> 
     </span>
    </p>
   </div>
   <div class='ocr_carea' id='block_1_8' title="bbox 117 697 1595 754">
    <p class='ocr_par' dir='ltr' id='par_1_8' title="bbox 117 697 1595 754">
     <span class='ocr_line' id='line_1_11' title="bbox 117 697 1595 754; baseline 0.003 -17"><span class='ocrx_word' id='word_1_91' title='bbox 117 704 158 737; x_wconf 88' lang='lat'>33</span> <span class='ocrx_word' id='word_1_92' title='bbox 185 697 261 736; x_wconf 89' lang='lat' dir='ltr'>Sed</span> <span class='ocrx_word' id='word_1_93' title='bbox 283 709 326 736; x_wconf 86' lang='lat' dir='ltr'>ea</span> <span class='ocrx_word' id='word_1_94' title='bbox 347 711 410 737; x_wconf 82' lang='lat' dir='ltr'>res</span> <span class='ocrx_word' id='word_1_95' title='bbox 432 710 594 747; x_wconf 85' lang='lat' dir='ltr'>magnae</span> <span class='ocrx_word' id='word_1_96' title='bbox 614 698 768 738; x_wconf 72' lang='lat' dir='ltr'>initium</span> <span class='ocrx_word' id='word_1_97' title='bbox 791 699 908 738; x_wconf 86' lang='lat' dir='ltr'>cladis</span> <span class='ocrx_word' id='word_1_98' title='bbox 930 699 1020 738; x_wconf 85' lang='lat' dir='ltr'>suit:</span> <span class='ocrx_word' id='word_1_99' title='bbox 1053 713 1141 740; x_wconf 82' lang='lat' dir='ltr'>nam</span> <span class='ocrx_word' id='word_1_100' title='bbox 1167 702 1220 740; x_wconf 89' lang='lat' dir='ltr'>uti</span> <span class='ocrx_word' id='word_1_101' title='bbox 1243 703 1409 754; x_wconf 81' lang='lat' dir='ltr'>quisque</span> <span class='ocrx_word' id='word_1_102' title='bbox 1431 703 1595 742; x_wconf 87' lang='lat' dir='ltr'>domum</span> 
     </span>
    </p>
   </div>
   <div class='ocr_carea' id='block_1_9' title="bbox 184 754 1592 809">
    <p class='ocr_par' dir='ltr' id='par_1_9' title="bbox 184 754 1592 809">
     <span class='ocr_line' id='line_1_12' title="bbox 184 754 1592 809; baseline 0.005 -17"><span class='ocrx_word' id='word_1_103' title='bbox 184 760 253 792; x_wconf 92' lang='lat' dir='ltr'>aut</span> <span class='ocrx_word' id='word_1_104' title='bbox 273 754 413 801; x_wconf 75' lang='lat' dir='ltr'>villam,</span> <span class='ocrx_word' id='word_1_105' title='bbox 435 761 635 805; x_wconf 82' lang='lat' dir='ltr'>postremo</span> <span class='ocrx_word' id='word_1_106' title='bbox 658 767 722 794; x_wconf 86' lang='lat' dir='ltr'>vas</span> <span class='ocrx_word' id='word_1_107' title='bbox 744 762 812 794; x_wconf 87' lang='lat' dir='ltr'>aut</span> <span class='ocrx_word' id='word_1_108' title='bbox 829 756 1105 796; x_wconf 79' lang='lat' dir='ltr'>vestimentum</span> <span class='ocrx_word' id='word_1_109' title='bbox 1128 758 1286 797; x_wconf 86' lang='lat' dir='ltr'>alicuius</span> <span class='ocrx_word' id='word_1_110' title='bbox 1307 761 1592 809; x_wconf 84' lang='lat' dir='ltr'>concupiverat,</span> 
     </span>
    </p>
   </div>
   <div class='ocr_carea' id='block_1_10' title="bbox 115 810 1594 867">
    <p class='ocr_par' dir='ltr' id='par_1_10' title="bbox 115 810 1594 867">
     <span class='ocr_line' id='line_1_13' title="bbox 115 810 1594 867; baseline 0.003 -17"><span class='ocrx_word' id='word_1_111' title='bbox 115 818 158 851; x_wconf 77' lang='grc'>34</span> <span class='ocrx_word' id='word_1_112' title='bbox 184 810 299 850; x_wconf 87' lang='lat' dir='ltr'>dabat</span> <span class='ocrx_word' id='word_1_113' title='bbox 320 823 492 862; x_wconf 85' lang='lat' dir='ltr'>operam,</span> <span class='ocrx_word' id='word_1_114' title='bbox 516 818 558 850; x_wconf 94' lang='lat' dir='ltr'>ut</span> <span class='ocrx_word' id='word_1_115' title='bbox 575 811 606 850; x_wconf 92' lang='lat' dir='ltr'>is</span> <span class='ocrx_word' id='word_1_116' title='bbox 628 811 668 850; x_wconf 89' lang='lat' dir='ltr'>in</span> <span class='ocrx_word' id='word_1_117' title='bbox 685 813 994 863; x_wconf 85' lang='lat' dir='ltr'>proscriptorum</span> <span class='ocrx_word' id='word_1_118' title='bbox 1013 826 1178 853; x_wconf 87' lang='lat' dir='ltr'>numero</span> <span class='ocrx_word' id='word_1_119' title='bbox 1195 822 1307 853; x_wconf 86' lang='lat' dir='ltr'>esset.</span> <span class='ocrx_word' id='word_1_120' title='bbox 1338 816 1394 855; x_wconf 81' lang='lat' dir='ltr'>Ita</span> <span class='ocrx_word' id='word_1_121' title='bbox 1416 816 1480 861; x_wconf 88' lang='lat' dir='ltr'>illi,</span> <span class='ocrx_word' id='word_1_122' title='bbox 1501 816 1594 867; x_wconf 90' lang='lat' dir='ltr'>qui-</span> 
     </span>
    </p>
   </div>
   <div class='ocr_carea' id='block_1_11' title="bbox 182 866 1593 976">
    <p class='ocr_par' dir='ltr' id='par_1_11' title="bbox 182 866 1593 976">
     <span class='ocr_line' id='line_1_14' title="bbox 182 866 1592 922; baseline 0.004 -16"><span class='ocrx_word' id='word_1_123' title='bbox 182 866 256 906; x_wconf 91' lang='lat' dir='ltr'>bus</span> <span class='ocrx_word' id='word_1_124' title='bbox 279 867 500 919; x_wconf 88' lang='lat' dir='ltr'>Damasippi</span> <span class='ocrx_word' id='word_1_125' title='bbox 523 880 629 907; x_wconf 88' lang='lat' dir='ltr'>mors</span> <span class='ocrx_word' id='word_1_126' title='bbox 651 868 816 907; x_wconf 84' lang='lat' dir='ltr'>laetitiae</span> <span class='ocrx_word' id='word_1_127' title='bbox 837 869 978 915; x_wconf 85' lang='lat' dir='ltr'>fuerat,</span> <span class='ocrx_word' id='word_1_128' title='bbox 996 870 1109 920; x_wconf 87' lang='lat' dir='ltr'>paulo</span> <span class='ocrx_word' id='word_1_129' title='bbox 1127 877 1215 922; x_wconf 87' lang='lat' dir='ltr'>post</span> <span class='ocrx_word' id='word_1_130' title='bbox 1233 871 1305 922; x_wconf 81' lang='lat' dir='ltr'>ipsi</span> <span class='ocrx_word' id='word_1_131' title='bbox 1322 872 1592 919; x_wconf 83' lang='lat' dir='ltr'>trahebantur,</span> 
     </span>
     <span class='ocr_line' id='line_1_15' title="bbox 182 924 1593 976; baseline 0.004 -14"><span class='ocrx_word' id='word_1_132' title='bbox 182 935 311 975; x_wconf 90' lang='lat' dir='ltr'>neque</span> <span class='ocrx_word' id='word_1_133' title='bbox 332 924 438 976; x_wconf 89' lang='lat' dir='ltr'>prius</span> <span class='ocrx_word' id='word_1_134' title='bbox 460 925 548 964; x_wconf 82' lang='lat' dir='ltr'>finis</span> <span class='ocrx_word' id='word_1_135' title='bbox 569 925 767 975; x_wconf 83' lang='lat' dir='ltr'>iugulandi</span> <span class='ocrx_word' id='word_1_136' title='bbox 787 925 863 963; x_wconf 90' lang='lat' dir='ltr'>fnit</span> <span class='ocrx_word' id='word_1_137' title='bbox 884 938 1000 976; x_wconf 89' lang='lat' dir='ltr'>quam</span> <span class='ocrx_word' id='word_1_138' title='bbox 1023 926 1127 965; x_wconf 88' lang='lat' dir='ltr'>Sulla</span> <span class='ocrx_word' id='word_1_139' title='bbox 1164 928 1292 966; x_wconf 89' lang='lat' dir='ltr'>omnis</span> <span class='ocrx_word' id='word_1_140' title='bbox 1330 941 1422 967; x_wconf 89' lang='lat' dir='ltr'>suos</span> <span class='ocrx_word' id='word_1_141' title='bbox 1453 928 1593 968; x_wconf 86' lang='lat' dir='ltr'>divitiis</span> 
     </span>
    </p>
   </div>
   <div class='ocr_carea' id='block_1_12' title="bbox 114 981 1594 1091">
    <p class='ocr_par' dir='ltr' id='par_1_12' title="bbox 114 981 1594 1091">
     <span class='ocr_line' id='line_1_16' title="bbox 115 981 1593 1036; baseline 0.003 -16"><span class='ocrx_word' id='word_1_142' title='bbox 115 987 158 1020; x_wconf 81' lang='lat'>35</span> <span class='ocrx_word' id='word_1_143' title='bbox 184 981 361 1031; x_wconf 79' lang='lat' dir='ltr'>explevit.</span> <span class='ocrx_word' id='word_1_144' title='bbox 394 986 521 1033; x_wconf 84' lang='lat' dir='ltr'>Atque</span> <span class='ocrx_word' id='word_1_145' title='bbox 542 994 612 1032; x_wconf 85' lang='lat' dir='ltr'>ego</span> <span class='ocrx_word' id='word_1_146' title='bbox 634 982 730 1020; x_wconf 87' lang='lat' dir='ltr'>haec</span> <span class='ocrx_word' id='word_1_147' title='bbox 750 993 831 1020; x_wconf 91' lang='lat' dir='ltr'>non</span> <span class='ocrx_word' id='word_1_148' title='bbox 853 982 893 1020; x_wconf 94' lang='lat' dir='ltr'>in</span> <span class='ocrx_word' id='word_1_149' title='bbox 907 982 955 1021; x_wconf 84' lang='lat' dir='ltr'>M.</span> <span class='ocrx_word' id='word_1_150' title='bbox 974 983 1099 1021; x_wconf 59' lang='lat' dir='ltr'>Tullio</span> <span class='ocrx_word' id='word_1_151' title='bbox 1121 995 1248 1035; x_wconf 83' lang='lat' dir='ltr'>neque</span> <span class='ocrx_word' id='word_1_152' title='bbox 1269 984 1330 1022; x_wconf 88' lang='lat' dir='ltr'>his</span> <span class='ocrx_word' id='word_1_153' title='bbox 1351 985 1593 1036; x_wconf 76' lang='lat' dir='ltr'>temporibus</span> 
     </span>
     <span class='ocr_line' id='line_1_17' title="bbox 114 1038 1594 1091; baseline 0.002 -14"><span class='ocrx_word' id='word_1_154' title='bbox 114 1045 156 1077; x_wconf 88' lang='grc'>36</span> <span class='ocrx_word' id='word_1_155' title='bbox 181 1049 335 1076; x_wconf 84' lang='lat' dir='ltr'>vereor:</span> <span class='ocrx_word' id='word_1_156' title='bbox 358 1038 424 1077; x_wconf 88' lang='lat' dir='ltr'>sed</span> <span class='ocrx_word' id='word_1_157' title='bbox 447 1039 487 1076; x_wconf 91' lang='lat' dir='ltr'>in</span> <span class='ocrx_word' id='word_1_158' title='bbox 509 1050 648 1088; x_wconf 85' lang='lat' dir='ltr'>magna</span> <span class='ocrx_word' id='word_1_159' title='bbox 670 1038 820 1077; x_wconf 81' lang='lat' dir='ltr'>civitate</span> <span class='ocrx_word' id='word_1_160' title='bbox 838 1039 958 1077; x_wconf 91' lang='lat' dir='ltr'>multa</span> <span class='ocrx_word' id='word_1_161' title='bbox 975 1045 1013 1077; x_wconf 89' lang='lat' dir='ltr'>et</span> <span class='ocrx_word' id='word_1_162' title='bbox 1030 1040 1131 1079; x_wconf 77' lang='lat' dir='ltr'>varia</span> <span class='ocrx_word' id='word_1_163' title='bbox 1148 1040 1301 1091; x_wconf 77' lang='lat' dir='ltr'>ingenia</span> <span class='ocrx_word' id='word_1_164' title='bbox 1318 1048 1421 1080; x_wconf 90' lang='lat' dir='ltr'>sunt.</span> <span class='ocrx_word' id='word_1_165' title='bbox 1456 1041 1594 1080; x_wconf 87' lang='lat' dir='ltr'>Potest</span> 
     </span>
    </p>
   </div>
   <div class='ocr_carea' id='block_1_13' title="bbox 180 1093 1594 1262">
    <p class='ocr_par' dir='ltr' id='par_1_13' title="bbox 180 1093 1594 1262">
     <span class='ocr_line' id='line_1_18' title="bbox 180 1093 1592 1146; baseline 0.004 -14"><span class='ocrx_word' id='word_1_166' title='bbox 180 1093 254 1133; x_wconf 87' lang='lat' dir='ltr'>alio</span> <span class='ocrx_word' id='word_1_167' title='bbox 276 1100 463 1146; x_wconf 82' lang='lat' dir='ltr'>tempore,</span> <span class='ocrx_word' id='word_1_168' title='bbox 485 1096 558 1133; x_wconf 85' lang='lat' dir='ltr'>alio</span> <span class='ocrx_word' id='word_1_169' title='bbox 581 1095 752 1139; x_wconf 75' lang='lat' dir='ltr'>consule,</span> <span class='ocrx_word' id='word_1_170' title='bbox 775 1095 836 1133; x_wconf 78' lang='lat' dir='ltr'>cui</span> <span class='ocrx_word' id='word_1_171' title='bbox 858 1096 950 1133; x_wconf 85' lang='lat' dir='ltr'>item</span> <span class='ocrx_word' id='word_1_172' title='bbox 970 1097 1162 1134; x_wconf 83' lang='lat' dir='ltr'>exercitus</span> <span class='ocrx_word' id='word_1_173' title='bbox 1179 1097 1218 1134; x_wconf 91' lang='lat' dir='ltr'>in</span> <span class='ocrx_word' id='word_1_174' title='bbox 1236 1109 1355 1136; x_wconf 89' lang='lat' dir='ltr'>manu</span> <span class='ocrx_word' id='word_1_175' title='bbox 1373 1098 1434 1143; x_wconf 88' lang='lat' dir='ltr'>sit,</span> <span class='ocrx_word' id='word_1_176' title='bbox 1452 1098 1592 1137; x_wconf 80' lang='lat' dir='ltr'>falsum</span> 
     </span>
     <span class='ocr_line' id='line_1_19' title="bbox 180 1149 1594 1203; baseline 0.004 -15"><span class='ocrx_word' id='word_1_177' title='bbox 180 1149 322 1202; x_wconf 87' lang='lat' dir='ltr'>aliquid</span> <span class='ocrx_word' id='word_1_178' title='bbox 347 1163 415 1202; x_wconf 85' lang='lat' dir='ltr'>pro</span> <span class='ocrx_word' id='word_1_179' title='bbox 438 1163 528 1189; x_wconf 80' lang='lat' dir='ltr'>vero</span> <span class='ocrx_word' id='word_1_180' title='bbox 551 1151 672 1190; x_wconf 84' lang='lat' dir='ltr'>credi:</span> <span class='ocrx_word' id='word_1_181' title='bbox 695 1151 762 1190; x_wconf 91' lang='lat' dir='ltr'>ubi</span> <span class='ocrx_word' id='word_1_182' title='bbox 782 1151 856 1190; x_wconf 90' lang='lat' dir='ltr'>hoc</span> <span class='ocrx_word' id='word_1_183' title='bbox 873 1151 1048 1202; x_wconf 82' lang='lat' dir='ltr'>exemplo</span> <span class='ocrx_word' id='word_1_184' title='bbox 1063 1153 1472 1203; x_wconf 64' lang='lat' dir='ltr'>personatidecretum</span> <span class='ocrx_word' id='word_1_185' title='bbox 1491 1166 1594 1193; x_wconf 90' lang='lat' dir='ltr'>con-</span> 
     </span>
     <span class='ocr_line' id='line_1_20' title="bbox 181 1207 1590 1262; baseline 0.004 -17"><span class='ocrx_word' id='word_1_186' title='bbox 181 1207 241 1246; x_wconf 92' lang='lat' dir='ltr'>sul</span> <span class='ocrx_word' id='word_1_187' title='bbox 257 1207 425 1258; x_wconf 87' lang='lat' dir='ltr'>gladium</span> <span class='ocrx_word' id='word_1_188' title='bbox 446 1208 634 1252; x_wconf 82' lang='lat' dir='ltr'>eduxerit,</span> <span class='ocrx_word' id='word_1_189' title='bbox 651 1207 739 1259; x_wconf 90' lang='lat' dir='ltr'>quis</span> <span class='ocrx_word' id='word_1_190' title='bbox 757 1207 810 1246; x_wconf 90' lang='lat' dir='ltr'>illi</span> <span class='ocrx_word' id='word_1_191' title='bbox 826 1207 943 1246; x_wconf 68' lang='lat' dir='ltr'>finem</span> <span class='ocrx_word' id='word_1_192' title='bbox 961 1214 1104 1248; x_wconf 87' lang='lat' dir='ltr'>statuet</span> <span class='ocrx_word' id='word_1_193' title='bbox 1121 1215 1187 1248; x_wconf 90' lang='lat' dir='ltr'>aut</span> <span class='ocrx_word' id='word_1_194' title='bbox 1205 1210 1291 1262; x_wconf 89' lang='lat' dir='ltr'>quis</span> <span class='ocrx_word' id='word_1_195' title='bbox 1302 1208 1590 1250; x_wconf 77' lang='lat' dir='ltr'>moderabitur?</span> 
     </span>
    </p>
   </div>
   <div class='ocr_carea' id='block_1_14' title="bbox 113 1261 1593 1318">
    <p class='ocr_par' dir='ltr' id='par_1_14' title="bbox 113 1261 1593 1318">
     <span class='ocr_line' id='line_1_21' title="bbox 113 1261 1593 1318; baseline 0.003 -16"><span class='ocrx_word' id='word_1_196' title='bbox 113 1269 155 1302; x_wconf 83' lang='lat'>37</span> <span class='ocrx_word' id='word_1_197' title='bbox 180 1261 346 1302; x_wconf 85' lang='lat' dir='ltr'>Maiores</span> <span class='ocrx_word' id='word_1_198' title='bbox 370 1264 507 1308; x_wconf 80' lang='lat' dir='ltr'>nostri,</span> <span class='ocrx_word' id='word_1_199' title='bbox 528 1270 659 1315; x_wconf 87' lang='lat' dir='ltr'>patres</span> <span class='ocrx_word' id='word_1_200' title='bbox 682 1265 905 1315; x_wconf 84' lang='lat' dir='ltr'>conscripti,</span> <span class='ocrx_word' id='word_1_201' title='bbox 942 1276 1069 1316; x_wconf 83' lang='lat' dir='ltr'>neque</span> <span class='ocrx_word' id='word_1_202' title='bbox 1107 1266 1241 1305; x_wconf 84' lang='lat' dir='ltr'>consili</span> <span class='ocrx_word' id='word_1_203' title='bbox 1261 1278 1390 1318; x_wconf 85' lang='lat' dir='ltr'>neque</span> <span class='ocrx_word' id='word_1_204' title='bbox 1411 1267 1593 1308; x_wconf 87' lang='lat' dir='ltr'>audaciae</span> 
     </span>
    </p>
   </div>
   <div class='ocr_carea' id='block_1_15' title="bbox 185 1321 1591 1374">
    <p class='ocr_par' dir='ltr' id='par_1_15' title="bbox 185 1321 1591 1374">
     <span class='ocr_line' id='line_1_22' title="bbox 185 1321 1591 1374; baseline 0.003 -15"><span class='ocrx_word' id='word_1_205' title='bbox 185 1332 371 1372; x_wconf 87' lang='lat' dir='ltr'>umquam</span> <span class='ocrx_word' id='word_1_206' title='bbox 395 1332 554 1372; x_wconf 78' lang='lat' dir='ltr'>eguere;</span> <span class='ocrx_word' id='word_1_207' title='bbox 576 1333 703 1372; x_wconf 87' lang='lat' dir='ltr'>neque</span> <span class='ocrx_word' id='word_1_208' title='bbox 725 1321 797 1360; x_wconf 87' lang='lat' dir='ltr'>illis</span> <span class='ocrx_word' id='word_1_209' title='bbox 817 1321 999 1372; x_wconf 86' lang='lat' dir='ltr'>superbia</span> <span class='ocrx_word' id='word_1_210' title='bbox 1017 1322 1205 1370; x_wconf 85' lang='lat' dir='ltr'>obstabat,</span> <span class='ocrx_word' id='word_1_211' title='bbox 1229 1336 1306 1374; x_wconf 89' lang='lat' dir='ltr'>quo</span> <span class='ocrx_word' id='word_1_212' title='bbox 1322 1324 1453 1363; x_wconf 89' lang='lat' dir='ltr'>minus</span> <span class='ocrx_word' id='word_1_213' title='bbox 1469 1324 1591 1363; x_wconf 85' lang='lat' dir='ltr'>aliena</span> 
     </span>
    </p>
   </div>
   <div class='ocr_carea' id='block_1_16' title="bbox 177 1458 856 2578">
    <p class='ocr_par' dir='ltr' id='par_1_16' title="bbox 182 1458 856 1772">
     <span class='ocr_line' id='line_1_23' title="bbox 229 1458 853 1501; baseline 0 -11"><span class='ocrx_word' id='word_1_214' title='bbox 229 1459 283 1490; x_wconf 82' lang='lat'>29.</span> <span class='ocrx_word' id='word_1_215' title='bbox 323 1469 516 1500; x_wconf 77' lang='lat' dir='ltr'>pessumum</span> <span class='ocrx_word' id='word_1_216' title='bbox 547 1470 728 1501; x_wconf 78' lang='lat' dir='ltr'>quemque:</span> <span class='ocrx_word' id='word_1_217' title='bbox 764 1458 853 1491; x_wconf 82' lang='lat' dir='ltr'>Xen.</span> 
     </span>
     <span class='ocr_line' id='line_1_24' title="bbox 182 1500 856 1549; baseline 0.003 -14"><span class='ocrx_word' id='word_1_218' title='bbox 182 1503 277 1536; x_wconf 87' lang='lat' dir='ltr'>Hell.</span> <span class='ocrx_word' id='word_1_219' title='bbox 297 1503 327 1543; x_wconf 82' lang='lat'>2,</span> <span class='ocrx_word' id='word_1_220' title='bbox 346 1505 378 1543; x_wconf 86' lang='lat'>3,</span> <span class='ocrx_word' id='word_1_221' title='bbox 404 1505 443 1536; x_wconf 85' lang='lat'>12</span> <span class='ocrx_word' id='word_1_222' title='bbox 473 1500 535 1541; x_wconf 74' lang='grc' dir='ltr'>οὓς</span> <span class='ocrx_word' id='word_1_223' title='bbox 562 1501 692 1540; x_wconf 76' lang='grc' dir='ltr'><em>πάντες</em></span> <span class='ocrx_word' id='word_1_224' title='bbox 723 1501 856 1549; x_wconf 76' lang='grc' dir='ltr'><em>ᾔδεσαν</em></span> 
     </span>
     <span class='ocr_line' id='line_1_25' title="bbox 188 1546 855 1594; baseline 0 -13"><span class='ocrx_word' id='word_1_225' title='bbox 188 1548 228 1582; x_wconf 74' lang='grc' dir='ltr'>ἐν</span> <span class='ocrx_word' id='word_1_226' title='bbox 249 1550 291 1594; x_wconf 76' lang='grc' dir='ltr'>τῇ</span> <span class='ocrx_word' id='word_1_227' title='bbox 320 1549 539 1594; x_wconf 74' lang='grc' dir='ltr'><em>δημοκρατίᾳ</em></span> <span class='ocrx_word' id='word_1_228' title='bbox 570 1546 645 1582; x_wconf 76' lang='grc' dir='ltr'>ἀπὸ</span> <span class='ocrx_word' id='word_1_229' title='bbox 673 1559 855 1593; x_wconf 74' lang='grc' dir='ltr'><em>συκοφαν-</em></span> 
     </span>
     <span class='ocr_line' id='line_1_26' title="bbox 186 1595 855 1632; baseline 0 -6"><span class='ocrx_word' id='word_1_230' title='bbox 186 1597 260 1631; x_wconf 78' lang='grc' dir='ltr'><strong><em>τίας</em></strong></span> <span class='ocrx_word' id='word_1_231' title='bbox 292 1595 421 1632; x_wconf 80' lang='grc' dir='ltr'><em>ζῶντας</em></span> <span class='ocrx_word' id='word_1_232' title='bbox 449 1596 508 1626; x_wconf 83' lang='grc' dir='ltr'>καὶ</span> <span class='ocrx_word' id='word_1_233' title='bbox 539 1598 614 1631; x_wconf 75' lang='grc' dir='ltr'><strong><em>τοῖς</em></strong></span> <span class='ocrx_word' id='word_1_234' title='bbox 645 1596 765 1629; x_wconf 79' lang='grc' dir='ltr'><em>καλοῖς</em></span> <span class='ocrx_word' id='word_1_235' title='bbox 795 1596 855 1626; x_wconf 81' lang='grc' dir='ltr'>καὶ</span> 
     </span>
     <span class='ocr_line' id='line_1_27' title="bbox 187 1635 853 1683; baseline 0.002 -12"><span class='ocrx_word' id='word_1_236' title='bbox 187 1635 344 1682; x_wconf 73' lang='grc' dir='ltr'><em>ἀγαθοῖς</em></span> <span class='ocrx_word' id='word_1_237' title='bbox 367 1642 487 1683; x_wconf 58' lang='grc' dir='ltr'><em>βαρεῖς</em></span> <span class='ocrx_word' id='word_1_238' title='bbox 515 1637 630 1677; x_wconf 73' lang='grc' dir='ltr'>ὄντας.</span> <span class='ocrx_word' id='word_1_239' title='bbox 671 1641 765 1672; x_wconf 71' lang='grc' dir='ltr'>Αιιοίι</span> <span class='ocrx_word' id='word_1_240' title='bbox 794 1640 853 1672; x_wconf 79' lang='lat' dir='ltr'>das</span> 
     </span>
     <span class='ocr_line' id='line_1_28' title="bbox 187 1685 854 1728; baseline -0.001 -11"><span class='ocrx_word' id='word_1_241' title='bbox 187 1685 343 1717; x_wconf 84' lang='lat' dir='ltr'>Weitere</span> <span class='ocrx_word' id='word_1_242' title='bbox 381 1685 434 1717; x_wconf 86' lang='lat' dir='ltr'>bei</span> <span class='ocrx_word' id='word_1_243' title='bbox 457 1686 545 1718; x_wconf 84' lang='lat' dir='ltr'>Xen.</span> <span class='ocrx_word' id='word_1_244' title='bbox 576 1685 764 1728; x_wconf 84' lang='lat' dir='ltr'>entspricht</span> <span class='ocrx_word' id='word_1_245' title='bbox 794 1686 854 1716; x_wconf 89' lang='lat' dir='ltr'>der</span> 
     </span>
     <span class='ocr_line' id='line_1_29' title="bbox 187 1731 814 1772; baseline 0 -10"><span class='ocrx_word' id='word_1_246' title='bbox 187 1731 264 1762; x_wconf 85' lang='lat' dir='ltr'>hier</span> <span class='ocrx_word' id='word_1_247' title='bbox 280 1731 363 1762; x_wconf 89' lang='lat' dir='ltr'>kurz</span> <span class='ocrx_word' id='word_1_248' title='bbox 381 1732 568 1772; x_wconf 83' lang='lat' dir='ltr'>gegebenen</span> <span class='ocrx_word' id='word_1_249' title='bbox 587 1731 814 1771; x_wconf 83' lang='lat' dir='ltr'>Darstellung.</span> 
     </span>
    </p>

    <p class='ocr_par' dir='ltr' id='par_1_17' title="bbox 177 1776 852 1951">
     <span class='ocr_line' id='line_1_30' title="bbox 233 1776 852 1808; baseline 0 -1"><span class='ocrx_word' id='word_1_250' title='bbox 233 1776 285 1808; x_wconf 84' lang='lat'>32.</span> <span class='ocrx_word' id='word_1_251' title='bbox 310 1787 383 1808; x_wconf 75' lang='lat' dir='ltr'>cum</span> <span class='ocrx_word' id='word_1_252' title='bbox 404 1801 410 1808; x_wconf 95' lang='lat'><strong>.</strong></span> <span class='ocrx_word' id='word_1_253' title='bbox 429 1801 435 1807; x_wconf 93' lang='lat'><strong>.</strong></span> <span class='ocrx_word' id='word_1_254' title='bbox 457 1801 462 1806; x_wconf 96' lang='lat'><strong>.</strong></span> <span class='ocrx_word' id='word_1_255' title='bbox 488 1779 606 1808; x_wconf 82' lang='lat' dir='ltr'>iussit:</span> <span class='ocrx_word' id='word_1_256' title='bbox 635 1786 672 1808; x_wconf 90' lang='lat' dir='ltr'>so</span> <span class='ocrx_word' id='word_1_257' title='bbox 697 1781 852 1807; x_wconf 76' lang='lat' dir='ltr'>constru-</span> 
     </span>
     <span class='ocr_line' id='line_1_31' title="bbox 189 1819 851 1861; baseline 0 -9"><span class='ocrx_word' id='word_1_258' title='bbox 189 1819 246 1861; x_wconf 87' lang='lat' dir='ltr'>irt,</span> <span class='ocrx_word' id='word_1_259' title='bbox 274 1821 325 1853; x_wconf 90' lang='lat' dir='ltr'>als</span> <span class='ocrx_word' id='word_1_260' title='bbox 354 1831 450 1853; x_wconf 71' lang='lat' dir='ltr'>wenn</span> <span class='ocrx_word' id='word_1_261' title='bbox 481 1823 541 1853; x_wconf 81' lang='lat' dir='ltr'>der</span> <span class='ocrx_word' id='word_1_262' title='bbox 559 1821 725 1854; x_wconf 78' lang='lat' dir='ltr'>Nachsatz</span> <span class='ocrx_word' id='word_1_263' title='bbox 743 1820 851 1852; x_wconf 81' lang='lat' dir='ltr'>hiesse.</span> 
     </span>
     <span class='ocr_line' id='line_1_32' title="bbox 177 1866 850 1908; baseline 0 -11"><span class='ocrx_word' id='word_1_264' title='bbox 177 1866 279 1907; x_wconf 77' lang='lat' dir='ltr'>sem&#39;t,</span> <span class='ocrx_word' id='word_1_265' title='bbox 303 1866 390 1908; x_wconf 83' lang='lat' dir='ltr'>quod</span> <span class='ocrx_word' id='word_1_266' title='bbox 412 1877 530 1899; x_wconf 73' lang='lat' dir='ltr'>omnes</span> <span class='ocrx_word' id='word_1_267' title='bbox 558 1867 753 1905; x_wconf 80' lang='lat' dir='ltr'>laudarent;</span> <span class='ocrx_word' id='word_1_268' title='bbox 781 1866 850 1907; x_wconf 80' lang='lat' dir='ltr'>vgl.</span> 
     </span>
     <span class='ocr_line' id='line_1_33' title="bbox 183 1910 450 1951; baseline 0.004 -9"><span class='ocrx_word' id='word_1_269' title='bbox 183 1921 225 1942; x_wconf 91' lang='lat' dir='ltr'>zu</span> <span class='ocrx_word' id='word_1_270' title='bbox 240 1910 308 1951; x_wconf 76' lang='lat' dir='ltr'>lug.</span> <span class='ocrx_word' id='word_1_271' title='bbox 331 1912 404 1949; x_wconf 78' lang='lat'>102,</span> <span class='ocrx_word' id='word_1_272' title='bbox 421 1913 450 1943; x_wconf 84' lang='lat'>5.</span> 
     </span>
    </p>

    <p class='ocr_par' dir='ltr' id='par_1_18' title="bbox 182 1956 852 2578">
     <span class='ocr_line' id='line_1_34' title="bbox 227 1956 849 1999; baseline 0 -11"><span class='ocrx_word' id='word_1_273' title='bbox 227 1956 489 1999; x_wconf 81' lang='lat' dir='ltr'>Damasippum:</span> <span class='ocrx_word' id='word_1_274' title='bbox 515 1957 667 1989; x_wconf 87' lang='lat' dir='ltr'>Beiname</span> <span class='ocrx_word' id='word_1_275' title='bbox 693 1957 751 1988; x_wconf 89' lang='lat' dir='ltr'>des</span> <span class='ocrx_word' id='word_1_276' title='bbox 775 1956 849 1988; x_wconf 87' lang='lat' dir='ltr'>Ma-</span> 
     </span>
     <span class='ocr_line' id='line_1_35' title="bbox 182 2001 849 2034; baseline 0 -2"><span class='ocrx_word' id='word_1_277' title='bbox 182 2001 315 2033; x_wconf 77' lang='lat' dir='ltr'>rianers</span> <span class='ocrx_word' id='word_1_278' title='bbox 339 2002 376 2034; x_wconf 88' lang='lat' dir='ltr'>L.</span> <span class='ocrx_word' id='word_1_279' title='bbox 397 2003 508 2034; x_wconf 86' lang='lat' dir='ltr'>lunius</span> <span class='ocrx_word' id='word_1_280' title='bbox 529 2004 665 2034; x_wconf 85' lang='lat' dir='ltr'>Brutus.</span> <span class='ocrx_word' id='word_1_281' title='bbox 700 2002 745 2033; x_wconf 86' lang='lat' dir='ltr'>Er</span> <span class='ocrx_word' id='word_1_282' title='bbox 771 2002 849 2033; x_wconf 83' lang='lat' dir='ltr'>liel&#39;s</span> 
     </span>
     <span class='ocr_line' id='line_1_36' title="bbox 183 2046 849 2086; baseline 0 -8"><span class='ocrx_word' id='word_1_283' title='bbox 183 2047 248 2078; x_wconf 78' lang='lat'>672</span> <span class='ocrx_word' id='word_1_284' title='bbox 275 2047 343 2086; x_wconf 65' lang='lat'><strong>⁴82)</strong></span> <span class='ocrx_word' id='word_1_285' title='bbox 377 2047 428 2079; x_wconf 86' lang='lat' dir='ltr'>als</span> <span class='ocrx_word' id='word_1_286' title='bbox 458 2047 599 2080; x_wconf 85' lang='lat' dir='ltr'>Praetor</span> <span class='ocrx_word' id='word_1_287' title='bbox 626 2047 687 2079; x_wconf 81' lang='lat' dir='ltr'>auf</span> <span class='ocrx_word' id='word_1_288' title='bbox 713 2046 849 2079; x_wconf 83' lang='lat' dir='ltr'>Geheil&#39;s</span> 
     </span>
     <span class='ocr_line' id='line_1_37' title="bbox 183 2091 850 2134; baseline 0 -11"><span class='ocrx_word' id='word_1_289' title='bbox 183 2091 241 2124; x_wconf 84' lang='lat' dir='ltr'>des</span> <span class='ocrx_word' id='word_1_290' title='bbox 254 2092 418 2134; x_wconf 84' lang='lat' dir='ltr'>jiingeren</span> <span class='ocrx_word' id='word_1_291' title='bbox 433 2093 562 2125; x_wconf 84' lang='lat' dir='ltr'>Marius</span> <span class='ocrx_word' id='word_1_292' title='bbox 580 2094 631 2124; x_wconf 87' lang='lat' dir='ltr'>die</span> <span class='ocrx_word' id='word_1_293' title='bbox 646 2093 850 2132; x_wconf 84' lang='lat' dir='ltr'>angesehen-</span> 
     </span>
     <span class='ocr_line' id='line_1_38' title="bbox 184 2137 850 2171; baseline 0 -2"><span class='ocrx_word' id='word_1_294' title='bbox 184 2141 256 2169; x_wconf 85' lang='lat' dir='ltr'>sten</span> <span class='ocrx_word' id='word_1_295' title='bbox 282 2138 465 2170; x_wconf 82' lang='lat' dir='ltr'>Senatoren</span> <span class='ocrx_word' id='word_1_296' title='bbox 497 2149 560 2170; x_wconf 89' lang='lat' dir='ltr'>von</span> <span class='ocrx_word' id='word_1_297' title='bbox 594 2139 706 2171; x_wconf 87' lang='lat' dir='ltr'>Sullas</span> <span class='ocrx_word' id='word_1_298' title='bbox 738 2137 850 2170; x_wconf 78' lang='lat' dir='ltr'>Partei</span> 
     </span>
     <span class='ocr_line' id='line_1_39' title="bbox 183 2182 851 2216; baseline 0.001 -3"><span class='ocrx_word' id='word_1_299' title='bbox 183 2182 217 2214; x_wconf 87' lang='lat' dir='ltr'>iu</span> <span class='ocrx_word' id='word_1_300' title='bbox 250 2183 309 2214; x_wconf 76' lang='lat' dir='ltr'>der</span> <span class='ocrx_word' id='word_1_301' title='bbox 334 2186 430 2216; x_wconf 79' lang='lat' dir='ltr'>curia</span> <span class='ocrx_word' id='word_1_302' title='bbox 446 2183 585 2215; x_wconf 75' lang='lat' dir='ltr'>Hostilia</span> <span class='ocrx_word' id='word_1_303' title='bbox 613 2185 678 2215; x_wconf 91' lang='lat' dir='ltr'>und</span> <span class='ocrx_word' id='word_1_304' title='bbox 703 2182 762 2215; x_wconf 80' lang='lat' dir='ltr'>auf</span> <span class='ocrx_word' id='word_1_305' title='bbox 790 2184 851 2214; x_wconf 86' lang='lat' dir='ltr'>der</span> 
     </span>
     <span class='ocr_line' id='line_1_40' title="bbox 182 2226 850 2269; baseline 0.001 -11"><span class='ocrx_word' id='word_1_306' title='bbox 182 2226 304 2260; x_wconf 82' lang='lat' dir='ltr'>Flucht</span> <span class='ocrx_word' id='word_1_307' title='bbox 321 2229 450 2268; x_wconf 70' lang='lat' dir='ltr'>tiidten,</span> <span class='ocrx_word' id='word_1_308' title='bbox 473 2235 572 2261; x_wconf 87' lang='lat' dir='ltr'>unter</span> <span class='ocrx_word' id='word_1_309' title='bbox 589 2230 712 2261; x_wconf 83' lang='lat' dir='ltr'>andern</span> <span class='ocrx_word' id='word_1_310' title='bbox 732 2229 793 2260; x_wconf 83' lang='lat' dir='ltr'>den</span> <span class='ocrx_word' id='word_1_311' title='bbox 811 2227 850 2269; x_wconf 85' lang='lat' dir='ltr'>Q.</span> 
     </span>
     <span class='ocr_line' id='line_1_41' title="bbox 184 2272 852 2307; baseline 0.001 -3"><span class='ocrx_word' id='word_1_312' title='bbox 184 2272 316 2305; x_wconf 79' lang='lat' dir='ltr'>Mucius</span> <span class='ocrx_word' id='word_1_313' title='bbox 331 2273 496 2307; x_wconf 83' lang='lat' dir='ltr'>Scaevola</span> <span class='ocrx_word' id='word_1_314' title='bbox 510 2285 572 2306; x_wconf 89' lang='lat' dir='ltr'>vor</span> <span class='ocrx_word' id='word_1_315' title='bbox 589 2275 660 2306; x_wconf 86' lang='lat' dir='ltr'>dem</span> <span class='ocrx_word' id='word_1_316' title='bbox 676 2274 775 2306; x_wconf 83' lang='lat' dir='ltr'>Altar</span> <span class='ocrx_word' id='word_1_317' title='bbox 792 2274 852 2305; x_wconf 86' lang='lat' dir='ltr'>der</span> 
     </span>
     <span class='ocr_line' id='line_1_42' title="bbox 184 2318 850 2362; baseline -0.002 -11"><span class='ocrx_word' id='word_1_318' title='bbox 184 2318 301 2351; x_wconf 77' lang='lat' dir='ltr'>Vesta.</span> <span class='ocrx_word' id='word_1_319' title='bbox 335 2319 413 2351; x_wconf 87' lang='lat' dir='ltr'>Bald</span> <span class='ocrx_word' id='word_1_320' title='bbox 433 2320 580 2352; x_wconf 85' lang='lat' dir='ltr'>nachher</span> <span class='ocrx_word' id='word_1_321' title='bbox 596 2318 744 2362; x_wconf 66' lang='lat' dir='ltr'>kampfte</span> <span class='ocrx_word' id='word_1_322' title='bbox 762 2329 800 2351; x_wconf 86' lang='lat' dir='ltr'>er</span> <span class='ocrx_word' id='word_1_323' title='bbox 816 2319 850 2350; x_wconf 87' lang='lat' dir='ltr'>in</span> 
     </span>
     <span class='ocr_line' id='line_1_43' title="bbox 184 2363 851 2397; baseline 0.003 -3"><span class='ocrx_word' id='word_1_324' title='bbox 184 2363 244 2394; x_wconf 85' lang='lat' dir='ltr'>der</span> <span class='ocrx_word' id='word_1_325' title='bbox 275 2365 557 2397; x_wconf 82' lang='lat' dir='ltr'>entscheidenden</span> <span class='ocrx_word' id='word_1_326' title='bbox 595 2364 753 2397; x_wconf 85' lang='lat' dir='ltr'>Schlacht</span> <span class='ocrx_word' id='word_1_327' title='bbox 788 2375 851 2396; x_wconf 80' lang='lat' dir='ltr'>vor</span> 
     </span>
     <span class='ocr_line' id='line_1_44' title="bbox 182 2407 852 2442; baseline 0.003 -3"><span class='ocrx_word' id='word_1_328' title='bbox 182 2407 264 2440; x_wconf 88' lang='lat' dir='ltr'>Rom</span> <span class='ocrx_word' id='word_1_329' title='bbox 281 2410 345 2440; x_wconf 91' lang='lat' dir='ltr'>und</span> <span class='ocrx_word' id='word_1_330' title='bbox 363 2409 479 2441; x_wconf 80' lang='lat' dir='ltr'>besand</span> <span class='ocrx_word' id='word_1_331' title='bbox 491 2411 560 2442; x_wconf 89' lang='lat' dir='ltr'>sich</span> <span class='ocrx_word' id='word_1_332' title='bbox 577 2415 675 2442; x_wconf 86' lang='lat' dir='ltr'>unter</span> <span class='ocrx_word' id='word_1_333' title='bbox 692 2409 852 2442; x_wconf 83' lang='lat' dir='ltr'>dendrei-</span> 
     </span>
     <span class='ocr_line' id='line_1_45' title="bbox 183 2453 851 2496; baseline 0.003 -12"><span class='ocrx_word' id='word_1_334' title='bbox 183 2453 236 2485; x_wconf 88' lang='lat' dir='ltr'>bis</span> <span class='ocrx_word' id='word_1_335' title='bbox 251 2454 467 2487; x_wconf 73' lang='lat' dir='ltr'>vien-tausend</span> <span class='ocrx_word' id='word_1_336' title='bbox 480 2454 705 2496; x_wconf 75' lang='lat' dir='ltr'>Gesangenen,</span> <span class='ocrx_word' id='word_1_337' title='bbox 723 2455 851 2487; x_wconf 82' lang='lat' dir='ltr'>welche</span> 
     </span>
     <span class='ocr_line' id='line_1_46' title="bbox 183 2499 850 2542; baseline 0 -11"><span class='ocrx_word' id='word_1_338' title='bbox 183 2499 275 2531; x_wconf 89' lang='lat' dir='ltr'>Sulla</span> <span class='ocrx_word' id='word_1_339' title='bbox 308 2509 359 2531; x_wconf 90' lang='lat' dir='ltr'>am</span> <span class='ocrx_word' id='word_1_340' title='bbox 387 2501 514 2532; x_wconf 88' lang='lat' dir='ltr'>dritten</span> <span class='ocrx_word' id='word_1_341' title='bbox 533 2500 624 2542; x_wconf 84' lang='lat' dir='ltr'>Tage</span> <span class='ocrx_word' id='word_1_342' title='bbox 654 2501 736 2534; x_wconf 81' lang='lat' dir='ltr'>nach</span> <span class='ocrx_word' id='word_1_343' title='bbox 751 2500 850 2541; x_wconf 87' lang='lat' dir='ltr'>jener</span> 
     </span>
     <span class='ocr_line' id='line_1_47' title="bbox 183 2543 851 2578; baseline 0 -2"><span class='ocrx_word' id='word_1_344' title='bbox 183 2543 341 2576; x_wconf 84' lang='lat' dir='ltr'>Schlacht</span> <span class='ocrx_word' id='word_1_345' title='bbox 357 2544 418 2577; x_wconf 85' lang='lat' dir='ltr'>aus</span> <span class='ocrx_word' id='word_1_346' title='bbox 442 2545 514 2577; x_wconf 89' lang='lat' dir='ltr'>dem</span> <span class='ocrx_word' id='word_1_347' title='bbox 532 2546 691 2578; x_wconf 76' lang='lat' dir='ltr'>Marsield</span> <span class='ocrx_word' id='word_1_348' title='bbox 717 2546 851 2578; x_wconf 85' lang='lat' dir='ltr'>nieder-</span> 
     </span>
    </p>
   </div>
   <div class='ocr_carea' id='block_1_17' title="bbox 918 1460 1594 2588">
    <p class='ocr_par' dir='ltr' id='par_1_19' title="bbox 925 1460 1591 1539">
     <span class='ocr_line' id='line_1_48' title="bbox 925 1460 1591 1494; baseline 0.005 -3"><span class='ocrx_word' id='word_1_349' title='bbox 925 1461 1031 1492; x_wconf 84' lang='lat' dir='ltr'>hauen</span> <span class='ocrx_word' id='word_1_350' title='bbox 1055 1460 1143 1493; x_wconf 83' lang='lat' dir='ltr'>liess.</span> <span class='ocrx_word' id='word_1_351' title='bbox 1173 1479 1217 1484; x_wconf 89' lang='lat'>-—-</span> <span class='ocrx_word' id='word_1_352' title='bbox 1239 1461 1321 1492; x_wconf 87' lang='lat' dir='ltr'>Sall.</span> <span class='ocrx_word' id='word_1_353' title='bbox 1354 1462 1505 1493; x_wconf 67' lang='lat' dir='ltr'>erwiihnt</span> <span class='ocrx_word' id='word_1_354' title='bbox 1535 1462 1591 1494; x_wconf 86' lang='lat' dir='ltr'>ihn</span> 
     </span>
     <span class='ocr_line' id='line_1_49' title="bbox 927 1505 1378 1539; baseline 0.004 -3"><span class='ocrx_word' id='word_1_355' title='bbox 927 1506 1009 1537; x_wconf 70' lang='lat' dir='ltr'>noch</span> <span class='ocrx_word' id='word_1_356' title='bbox 1026 1506 1148 1538; x_wconf 83' lang='lat' dir='ltr'>einmal</span> <span class='ocrx_word' id='word_1_357' title='bbox 1166 1505 1224 1538; x_wconf 87' lang='lat' dir='ltr'>Or.</span> <span class='ocrx_word' id='word_1_358' title='bbox 1244 1506 1330 1539; x_wconf 83' lang='lat' dir='ltr'>Phil.</span> <span class='ocrx_word' id='word_1_359' title='bbox 1348 1507 1378 1538; x_wconf 81' lang='lat'>7.</span> 
     </span>
    </p>

    <p class='ocr_par' dir='ltr' id='par_1_20' title="bbox 925 1551 1592 1638">
     <span class='ocr_line' id='line_1_50' title="bbox 969 1551 1592 1585; baseline 0.005 -3"><span class='ocrx_word' id='word_1_360' title='bbox 969 1551 1058 1582; x_wconf 84' lang='lat' dir='ltr'>malo</span> <span class='ocrx_word' id='word_1_361' title='bbox 1076 1576 1084 1582; x_wconf 93' lang='lat'><strong>.</strong></span> <span class='ocrx_word' id='word_1_362' title='bbox 1107 1576 1114 1582; x_wconf 89' lang='lat'><strong>.</strong></span> <span class='ocrx_word' id='word_1_363' title='bbox 1140 1575 1148 1583; x_wconf 93' lang='lat'><strong>.</strong></span> <span class='ocrx_word' id='word_1_364' title='bbox 1178 1554 1370 1583; x_wconf 70' lang='lat' dir='ltr'>creverant:</span> <span class='ocrx_word' id='word_1_365' title='bbox 1397 1552 1456 1584; x_wconf 87' lang='lat' dir='ltr'>des</span> <span class='ocrx_word' id='word_1_366' title='bbox 1485 1552 1592 1585; x_wconf 77' lang='lat' dir='ltr'>Casus</span> 
     </span>
     <span class='ocr_line' id='line_1_51' title="bbox 925 1595 1210 1638; baseline 0.007 -11"><span class='ocrx_word' id='word_1_367' title='bbox 925 1606 1039 1637; x_wconf 79' lang='lat' dir='ltr'>wegen</span> <span class='ocrx_word' id='word_1_368' title='bbox 1058 1597 1125 1636; x_wconf 76' lang='lat' dir='ltr'>vgl.</span> <span class='ocrx_word' id='word_1_369' title='bbox 1142 1595 1163 1638; x_wconf 63' lang='grc' dir='ltr'><strong>ξ</strong></span> <span class='ocrx_word' id='word_1_370' title='bbox 1180 1598 1210 1629; x_wconf 84' lang='grc'>5.</span> 
     </span>
    </p>

    <p class='ocr_par' dir='ltr' id='par_1_21' title="bbox 923 1641 1594 1999">
     <span class='ocr_line' id='line_1_52' title="bbox 971 1641 1594 1684; baseline 0.005 -11"><span class='ocrx_word' id='word_1_371' title='bbox 971 1642 1022 1673; x_wconf 88' lang='lat'>33.</span> <span class='ocrx_word' id='word_1_372' title='bbox 1070 1644 1256 1684; x_wconf 79' lang='lat' dir='ltr'>postremo.-</span> <span class='ocrx_word' id='word_1_373' title='bbox 1303 1641 1458 1674; x_wconf 81' lang='lat' dir='ltr'>schliesst</span> <span class='ocrx_word' id='word_1_374' title='bbox 1496 1648 1594 1676; x_wconf 80' lang='lat' dir='ltr'>sonst</span> 
     </span>
     <span class='ocr_line' id='line_1_53' title="bbox 923 1687 1590 1728; baseline 0.004 -10"><span class='ocrx_word' id='word_1_375' title='bbox 923 1687 1036 1728; x_wconf 67' lang='lat' dir='ltr'>hiiufig</span> <span class='ocrx_word' id='word_1_376' title='bbox 1051 1687 1155 1719; x_wconf 82' lang='lat' dir='ltr'>durch</span> <span class='ocrx_word' id='word_1_377' title='bbox 1166 1687 1513 1728; x_wconf 80' lang='lat' dir='ltr'>verallgemeinerude</span> <span class='ocrx_word' id='word_1_378' title='bbox 1521 1689 1590 1721; x_wconf 89' lang='lat' dir='ltr'>Zu-</span> 
     </span>
     <span class='ocr_line' id='line_1_54' title="bbox 924 1732 1588 1773; baseline 0.005 -10"><span class='ocrx_word' id='word_1_379' title='bbox 924 1732 1207 1773; x_wconf 83' lang='lat' dir='ltr'>saminenfassung</span> <span class='ocrx_word' id='word_1_380' title='bbox 1224 1734 1286 1765; x_wconf 86' lang='lat' dir='ltr'>den</span> <span class='ocrx_word' id='word_1_381' title='bbox 1316 1732 1495 1765; x_wconf 85' lang='lat' dir='ltr'>Gedauken</span> <span class='ocrx_word' id='word_1_382' title='bbox 1523 1733 1588 1772; x_wconf 69' lang='grc' dir='ltr'>εὼς</span> 
     </span>
     <span class='ocr_line' id='line_1_55' title="bbox 924 1778 1590 1818; baseline 0.005 -10"><span class='ocrx_word' id='word_1_383' title='bbox 924 1788 964 1808; x_wconf 91' lang='lat' dir='ltr'>zu</span> <span class='ocrx_word' id='word_1_384' title='bbox 985 1778 1035 1813; x_wconf 79' lang='lat'>14,</span> <span class='ocrx_word' id='word_1_385' title='bbox 1054 1778 1091 1815; x_wconf 77' lang='lat'>33</span> <span class='ocrx_word' id='word_1_386' title='bbox 1119 1779 1204 1815; x_wconf 80' lang='lat' dir='ltr'>hier,</span> <span class='ocrx_word' id='word_1_387' title='bbox 1235 1779 1350 1810; x_wconf 84' lang='lat' dir='ltr'>seiner</span> <span class='ocrx_word' id='word_1_388' title='bbox 1367 1779 1590 1818; x_wconf 82' lang='lat' dir='ltr'>eigentlichen</span> 
     </span>
     <span class='ocr_line' id='line_1_56' title="bbox 923 1823 1589 1862; baseline 0.005 -9"><span class='ocrx_word' id='word_1_389' title='bbox 923 1823 1118 1862; x_wconf 78' lang='lat' dir='ltr'>Bedeutung</span> <span class='ocrx_word' id='word_1_390' title='bbox 1147 1823 1231 1855; x_wconf 81' lang='lat' dir='ltr'>noch</span> <span class='ocrx_word' id='word_1_391' title='bbox 1255 1824 1377 1862; x_wconf 70' lang='lat' dir='ltr'>niiher,</span> <span class='ocrx_word' id='word_1_392' title='bbox 1395 1824 1500 1856; x_wconf 87' lang='lat' dir='ltr'>durch</span> <span class='ocrx_word' id='word_1_393' title='bbox 1521 1826 1589 1856; x_wconf 80' lang='lat' dir='ltr'>An·</span> 
     </span>
     <span class='ocr_line' id='line_1_57' title="bbox 923 1867 1592 1909; baseline 0.004 -10"><span class='ocrx_word' id='word_1_394' title='bbox 923 1867 1066 1909; x_wconf 85' lang='lat' dir='ltr'>fiihrung</span> <span class='ocrx_word' id='word_1_395' title='bbox 1103 1868 1244 1906; x_wconf 87' lang='lat' dir='ltr'>dessen,</span> <span class='ocrx_word' id='word_1_396' title='bbox 1278 1869 1436 1900; x_wconf 80' lang='lat' dir='ltr'>woriiber</span> <span class='ocrx_word' id='word_1_397' title='bbox 1469 1869 1592 1902; x_wconf 79' lang='lat' dir='ltr'>hinaus</span> 
     </span>
     <span class='ocr_line' id='line_1_58' title="bbox 923 1913 1586 1947; baseline 0.005 -3"><span class='ocrx_word' id='word_1_398' title='bbox 923 1913 995 1945; x_wconf 85' lang='lat' dir='ltr'>sich</span> <span class='ocrx_word' id='word_1_399' title='bbox 1034 1913 1131 1945; x_wconf 85' lang='lat' dir='ltr'>kaurn</span> <span class='ocrx_word' id='word_1_400' title='bbox 1171 1918 1276 1945; x_wconf 79' lang='lat' dir='ltr'>etwas</span> <span class='ocrx_word' id='word_1_401' title='bbox 1320 1914 1448 1946; x_wconf 76' lang='lat' dir='ltr'>denken</span> <span class='ocrx_word' id='word_1_402' title='bbox 1489 1915 1586 1947; x_wconf 73' lang='lat' dir='ltr'>liisst.</span> 
     </span>
     <span class='ocr_line' id='line_1_59' title="bbox 923 1957 1298 1999; baseline 0.003 -10"><span class='ocrx_word' id='word_1_403' title='bbox 923 1958 1087 1990; x_wconf 76' lang='lat' dir='ltr'>Aehnlich</span> <span class='ocrx_word' id='word_1_404' title='bbox 1106 1957 1172 1999; x_wconf 82' lang='lat' dir='ltr'>lug.</span> <span class='ocrx_word' id='word_1_405' title='bbox 1195 1960 1245 1997; x_wconf 86' lang='lat'>10,</span> <span class='ocrx_word' id='word_1_406' title='bbox 1268 1959 1298 1990; x_wconf 85' lang='lat'>2.</span> 
     </span>
    </p>

    <p class='ocr_par' dir='ltr' id='par_1_22' title="bbox 918 2003 1593 2495">
     <span class='ocr_line' id='line_1_60' title="bbox 968 2003 1587 2048; baseline 0.005 -14"><span class='ocrx_word' id='word_1_407' title='bbox 968 2003 1021 2035; x_wconf 78' lang='lat'>36.</span> <span class='ocrx_word' id='word_1_408' title='bbox 1036 2013 1097 2045; x_wconf 79' lang='lat' dir='ltr'>per</span> <span class='ocrx_word' id='word_1_409' title='bbox 1112 2014 1180 2035; x_wconf 83' lang='lat' dir='ltr'>sen.</span> <span class='ocrx_word' id='word_1_410' title='bbox 1199 2003 1384 2036; x_wconf 80' lang='lat' dir='ltr'>decretum:</span> <span class='ocrx_word' id='word_1_411' title='bbox 1397 2005 1453 2038; x_wconf 81' lang='lat' dir='ltr'>die</span> <span class='ocrx_word' id='word_1_412' title='bbox 1469 2004 1587 2048; x_wconf 76' lang='lat' dir='ltr'>Praep.</span> 
     </span>
     <span class='ocr_line' id='line_1_61' title="bbox 918 2049 1588 2091; baseline 0.004 -11"><span class='ocrx_word' id='word_1_413' title='bbox 918 2059 980 2091; x_wconf 78' lang='lat' dir='ltr'>per·</span> <span class='ocrx_word' id='word_1_414' title='bbox 1017 2059 1078 2080; x_wconf 84' lang='lat' dir='ltr'>zur</span> <span class='ocrx_word' id='word_1_415' title='bbox 1112 2049 1342 2090; x_wconf 79' lang='lat' dir='ltr'>Bezeichnung</span> <span class='ocrx_word' id='word_1_416' title='bbox 1379 2051 1441 2082; x_wconf 82' lang='lat' dir='ltr'>der</span> <span class='ocrx_word' id='word_1_417' title='bbox 1471 2051 1588 2090; x_wconf 72' lang='lat' dir='ltr'>Sache,</span> 
     </span>
     <span class='ocr_line' id='line_1_62' title="bbox 923 2094 1590 2135; baseline 0.003 -10"><span class='ocrx_word' id='word_1_418' title='bbox 923 2094 1050 2125; x_wconf 77' lang='lat' dir='ltr'>welche</span> <span class='ocrx_word' id='word_1_419' title='bbox 1080 2099 1185 2126; x_wconf 86' lang='lat' dir='ltr'>etwas</span> <span class='ocrx_word' id='word_1_420' title='bbox 1215 2095 1415 2134; x_wconf 83' lang='lat' dir='ltr'>vermittelt,</span> <span class='ocrx_word' id='word_1_421' title='bbox 1445 2095 1590 2135; x_wconf 62' lang='lat' dir='ltr'>moglich</span> 
     </span>
     <span class='ocr_line' id='line_1_63' title="bbox 923 2139 1589 2179; baseline 0.003 -9"><span class='ocrx_word' id='word_1_422' title='bbox 923 2139 1053 2179; x_wconf 85' lang='lat' dir='ltr'>macht,</span> <span class='ocrx_word' id='word_1_423' title='bbox 1094 2139 1149 2172; x_wconf 89' lang='lat' dir='ltr'>die</span> <span class='ocrx_word' id='word_1_424' title='bbox 1189 2139 1369 2171; x_wconf 85' lang='lat' dir='ltr'>Erlaubuis</span> <span class='ocrx_word' id='word_1_425' title='bbox 1409 2151 1449 2172; x_wconf 90' lang='lat' dir='ltr'>zu</span> <span class='ocrx_word' id='word_1_426' title='bbox 1482 2145 1589 2173; x_wconf 79' lang='lat' dir='ltr'>etwas</span> 
     </span>
     <span class='ocr_line' id='line_1_64' title="bbox 923 2183 1592 2226; baseline 0.004 -10"><span class='ocrx_word' id='word_1_427' title='bbox 923 2184 1029 2225; x_wconf 78' lang='lat' dir='ltr'>gicht,</span> <span class='ocrx_word' id='word_1_428' title='bbox 1060 2183 1120 2216; x_wconf 84' lang='lat' dir='ltr'>auf</span> <span class='ocrx_word' id='word_1_429' title='bbox 1145 2185 1258 2218; x_wconf 89' lang='lat' dir='ltr'>Grund</span> <span class='ocrx_word' id='word_1_430' title='bbox 1287 2185 1390 2217; x_wconf 84' lang='lat' dir='ltr'>deren</span> <span class='ocrx_word' id='word_1_431' title='bbox 1408 2189 1514 2218; x_wconf 79' lang='lat' dir='ltr'>etwas</span> <span class='ocrx_word' id='word_1_432' title='bbox 1529 2195 1592 2226; x_wconf 77' lang='lat' dir='ltr'>ge·</span> 
     </span>
     <span class='ocr_line' id='line_1_65' title="bbox 922 2229 1589 2274; baseline 0.003 -13"><span class='ocrx_word' id='word_1_433' title='bbox 922 2229 1069 2263; x_wconf 80' lang='lat' dir='ltr'>schieht:</span> <span class='ocrx_word' id='word_1_434' title='bbox 1102 2230 1167 2271; x_wconf 86' lang='lat' dir='ltr'>vgl.</span> <span class='ocrx_word' id='word_1_435' title='bbox 1186 2229 1253 2270; x_wconf 83' lang='lat' dir='ltr'>lug.</span> <span class='ocrx_word' id='word_1_436' title='bbox 1272 2230 1326 2271; x_wconf 87' lang='grc'>61,</span> <span class='ocrx_word' id='word_1_437' title='bbox 1344 2231 1382 2269; x_wconf 79' lang='grc'>5;</span> <span class='ocrx_word' id='word_1_438' title='bbox 1414 2241 1451 2263; x_wconf 87' lang='lat' dir='ltr'>so</span> <span class='ocrx_word' id='word_1_439' title='bbox 1464 2240 1529 2274; x_wconf 77' lang='lat' dir='ltr'>per</span> <span class='ocrx_word' id='word_1_440' title='bbox 1543 2230 1589 2263; x_wconf 79' lang='lat' dir='ltr'>le-</span> 
     </span>
     <span class='ocr_line' id='line_1_66' title="bbox 919 2275 1589 2318; baseline 0.001 -11"><span class='ocrx_word' id='word_1_441' title='bbox 919 2286 982 2317; x_wconf 77' lang='lat' dir='ltr'>ges</span> <span class='ocrx_word' id='word_1_442' title='bbox 999 2275 1073 2307; x_wconf 81' lang='lat' dir='ltr'>licet</span> <span class='ocrx_word' id='word_1_443' title='bbox 1089 2286 1118 2306; x_wconf 93' lang='lat' dir='ltr'>u.</span> <span class='ocrx_word' id='word_1_444' title='bbox 1139 2275 1223 2315; x_wconf 55' lang='grc' dir='ltr'>ὀξὶς</span> <span class='ocrx_word' id='word_1_445' title='bbox 1252 2275 1314 2307; x_wconf 88' lang='lat' dir='ltr'>mit</span> <span class='ocrx_word' id='word_1_446' title='bbox 1333 2285 1431 2317; x_wconf 81' lang='lat' dir='ltr'>posse</span> <span class='ocrx_word' id='word_1_447' title='bbox 1448 2275 1515 2318; x_wconf 80' lang='lat' dir='ltr'>lug.</span> <span class='ocrx_word' id='word_1_448' title='bbox 1533 2276 1589 2316; x_wconf 84' lang='lat'>64,</span> 
     </span>
     <span class='ocr_line' id='line_1_67' title="bbox 924 2320 1593 2364; baseline 0.001 -12"><span class='ocrx_word' id='word_1_449' title='bbox 924 2322 962 2359; x_wconf 76' lang='lat'>33</span> <span class='ocrx_word' id='word_1_450' title='bbox 994 2331 1057 2364; x_wconf 83' lang='lat' dir='ltr'>per</span> <span class='ocrx_word' id='word_1_451' title='bbox 1085 2322 1291 2352; x_wconf 78' lang='lat' dir='ltr'>occasionem</span> <span class='ocrx_word' id='word_1_452' title='bbox 1309 2321 1434 2362; x_wconf 79' lang='lat' dir='ltr'>facere</span> <span class='ocrx_word' id='word_1_453' title='bbox 1460 2320 1593 2364; x_wconf 65' lang='lat' dir='ltr'>ahquid</span> 
     </span>
     <span class='ocr_line' id='line_1_68' title="bbox 924 2364 1588 2407; baseline 0.003 -11"><span class='ocrx_word' id='word_1_454' title='bbox 924 2367 1006 2397; x_wconf 89' lang='lat' dir='ltr'>oben</span> <span class='ocrx_word' id='word_1_455' title='bbox 1024 2364 1044 2407; x_wconf 68' lang='grc' dir='ltr'><strong>ξ</strong></span> <span class='ocrx_word' id='word_1_456' title='bbox 1062 2366 1092 2397; x_wconf 90' lang='grc'>6.</span> <span class='ocrx_word' id='word_1_457' title='bbox 1131 2365 1192 2397; x_wconf 86' lang='lat' dir='ltr'>Die</span> <span class='ocrx_word' id='word_1_458' title='bbox 1211 2365 1409 2407; x_wconf 79' lang='lat' dir='ltr'>Herleitung</span> <span class='ocrx_word' id='word_1_459' title='bbox 1439 2375 1499 2399; x_wconf 78' lang='lat' dir='ltr'>aus</span> <span class='ocrx_word' id='word_1_460' title='bbox 1528 2366 1588 2398; x_wconf 84' lang='lat' dir='ltr'>der</span> 
     </span>
     <span class='ocr_line' id='line_1_69' title="bbox 923 2410 1588 2453; baseline 0.003 -11"><span class='ocrx_word' id='word_1_461' title='bbox 923 2410 1113 2451; x_wconf 79' lang='lat' dir='ltr'>urspriiugl.</span> <span class='ocrx_word' id='word_1_462' title='bbox 1143 2411 1338 2451; x_wconf 84' lang='lat' dir='ltr'>Bedeutung</span> <span class='ocrx_word' id='word_1_463' title='bbox 1370 2411 1464 2453; x_wconf 82' lang='lat' dir='ltr'>giebt</span> <span class='ocrx_word' id='word_1_464' title='bbox 1490 2411 1588 2444; x_wconf 80' lang='lat' dir='ltr'>deut-</span> 
     </span>
     <span class='ocr_line' id='line_1_70' title="bbox 924 2455 1200 2495; baseline 0.004 -8"><span class='ocrx_word' id='word_1_465' title='bbox 924 2456 991 2487; x_wconf 87' lang='lat' dir='ltr'>lich</span> <span class='ocrx_word' id='word_1_466' title='bbox 1010 2455 1076 2495; x_wconf 83' lang='lat' dir='ltr'>lug.</span> <span class='ocrx_word' id='word_1_467' title='bbox 1096 2455 1148 2495; x_wconf 83' lang='lat'>79,</span> <span class='ocrx_word' id='word_1_468' title='bbox 1172 2457 1200 2488; x_wconf 91' lang='lat'>1.</span> 
     </span>
    </p>

    <p class='ocr_par' dir='ltr' id='par_1_23' title="bbox 924 2500 1590 2588">
     <span class='ocr_line' id='line_1_71' title="bbox 968 2500 1590 2543; baseline -0.002 -10"><span class='ocrx_word' id='word_1_469' title='bbox 968 2501 1022 2533; x_wconf 83' lang='lat'>37.</span> <span class='ocrx_word' id='word_1_470' title='bbox 1043 2511 1181 2543; x_wconf 62' lang='lat' dir='ltr'>efficere:</span> <span class='ocrx_word' id='word_1_471' title='bbox 1200 2501 1311 2533; x_wconf 82' lang='lat' dir='ltr'>Durch</span> <span class='ocrx_word' id='word_1_472' title='bbox 1327 2511 1487 2543; x_wconf 79' lang='lat' dir='ltr'>umquam</span> <span class='ocrx_word' id='word_1_473' title='bbox 1503 2500 1590 2533; x_wconf 82' lang='lat' dir='ltr'>wird</span> 
     </span>
     <span class='ocr_line' id='line_1_72' title="bbox 924 2546 1588 2588; baseline 0.002 -11"><span class='ocrx_word' id='word_1_474' title='bbox 924 2546 978 2578; x_wconf 86' lang='lat' dir='ltr'>die</span> <span class='ocrx_word' id='word_1_475' title='bbox 996 2547 1221 2578; x_wconf 83' lang='lat' dir='ltr'>verneinende</span> <span class='ocrx_word' id='word_1_476' title='bbox 1239 2547 1391 2587; x_wconf 81' lang='lat' dir='ltr'>Aussage</span> <span class='ocrx_word' id='word_1_477' title='bbox 1419 2556 1459 2578; x_wconf 84' lang='lat' dir='ltr'>an</span> <span class='ocrx_word' id='word_1_478' title='bbox 1484 2546 1588 2588; x_wconf 84' lang='lat' dir='ltr'>jeden</span> 
     </span>
    </p>
   </div>
  </div>
 </body>
</html>
