1720 2875
417 93 473 125 DE
499 93 636 125 BELLO
660 92 861 126 IUGURTH.
910 92 944 124 C.
973 94 1159 126 110—112.
1408 95 1489 133 215

95 197 250 236 illorum
267 196 387 246 magis
403 208 520 247 quam
538 207 606 234 sua
623 194 804 233 retulisse
826 194 1045 240 videretur3
1066 194 1106 232 id
1127 195 1222 233 adeo
1244 195 1284 233 in
1307 200 1491 246 promptu

95 265 192 298 esse,
215 252 400 303 quoniam
422 252 570 302 copiam
592 250 798 301 Iugurthae
820 249 996 289 haberet:
1020 263 1136 302 quem
1159 251 1189 289 si
1207 251 1391 289 Romanis
1407 257 1491 289 tra-

94 308 268 354 didisset,
292 309 374 347 fore
398 314 439 347 ut
460 308 510 346 illi
531 308 755 358 plurumum
778 306 1007 353 deberetur3
1028 307 1238 346 amicitiam
1256 307 1393 346 foedus
1410 307 1492 346 Nu-

93 364 234 403 midiae
254 370 417 415 partem,
440 376 555 415 quam
577 375 684 402 nunc
703 367 865 413 peteret,
886 368 982 401 tunc
1001 363 1104 402 ultro
1126 363 1391 403 adventuram.
1413 364 1493 402 Rex

91 420 217 471 primo
227 420 401 471 negitare
414 433 421 458 :
441 419 725 470 cognationem,
743 418 992 465 adfinitatem,
1003 424 1203 470 praeterea
1215 420 1354 458 foedus
1366 420 1491 458 inter—

91 477 262 522 venisse3
285 477 331 515 ad
353 477 428 515 hoo
448 482 637 521 metuere,
660 486 710 513 ne
733 476 832 514 ssuxa
854 475 928 513 fide
950 488 1046 514 usus
1067 476 1314 526 popularium
1336 476 1490 516 animos

91 538 298 579 avorteret,
316 532 402 583 quis
421 537 458 570 et
474 532 658 581 Iugurtha
678 543 788 569 carus
804 537 840 570 et
850 531 1015 570 Romani
1032 531 1144 570 invisi
1162 538 1286 570 erant.
1315 532 1490 584 Denique

89 589 243 640 saepius
260 588 443 638 fatigatus
461 589 604 626 lenitur
619 592 712 626 etex
730 588 926 626 voluntate
945 588 1072 626 Sullae
1090 588 1221 626 onmia
1238 601 1279 627 se
1297 589 1490 627 facturum

89 645 292 696 promittit.
326 645 506 683 Ceterum
527 644 573 683 ad
596 644 856 682 simulandam
873 657 1021 694 pacem,
1045 644 1154 683 cuius
1173 645 1340 683 Numida
1363 645 1490 684 defes-

90 714 155 740 sus
176 701 275 739 bello
298 700 556 739 avidissumus
574 706 666 745 erat,
691 713 789 751 quae
807 700 912 739 utilia
930 701 1009 739 visa
1027 701 1285 739 constituunt.
1308 701 1364 740 Ita
1381 714 1490 739 com-

89 757 217 808 posito
240 757 327 795 dolo
349 756 634 807 digrediuntur.
665 759 713 794 At
730 769 797 794 rex
812 762 970 807 postero
989 757 1049 796 die
1066 757 1265 807 Asparem,
1285 757 1491 808 Iugurthae

90 814 279 864 legatum,
311 813 475 864 appellat
503 812 673 863 dicitque
706 812 777 850 sibi
799 825 869 863 per
890 813 1078 851 Dabarem
1102 826 1148 851 ex
1170 813 1275 852 Sulla
1297 815 1495 864 cognitum

88 882 205 920 posse
223 869 520 908 condicionibus
537 868 683 907 bellum
700 869 815 919 poni:
835 882 951 919 quam
971 869 1019 907 oh
1036 882 1119 908 rem
1135 870 1238 919 regis
1255 870 1316 908 sui
1333 876 1494 908 senten-

87 925 181 964 tiam
209 926 440 976 exquireret.
492 925 557 963 Ille
585 925 710 963 laetus
740 925 779 963 in
822 931 943 964 castra
975 926 1181 976 Iugurthae
1211 926 1492 976 proficiscitur,

88 982 230 1021 deinde
248 982 294 1020 ab
311 982 374 1020 illo
385 987 523 1020 cuncta
542 982 702 1019 edoctus
711 987 919 1032 properato
936 981 1073 1020 itinere
1091 983 1292 1032 postdiem
1312 988 1491 1021 octavum

87 1038 190 1077 redit
211 1038 257 1076 ad
279 1039 473 1076 Bocchum
505 1043 544 1076 et
574 1038 607 1076 ei
643 1038 798 1076 nuntiat
824 1039 1047 1089 Iugurtham
1078 1051 1221 1089 cupere
1243 1039 1372 1078 omnia
1394 1051 1492 1090 quae

86 1094 373 1146 imperarentur
400 1097 540 1140 facere,
571 1094 638 1132 sed
666 1093 785 1133 Mario
816 1106 953 1144 parum
984 1094 1198 1133 confidere:
1232 1108 1348 1146 saepe
1378 1101 1492 1134 antea

87 1163 176 1189 cum
204 1150 504 1201 imperatoribus
535 1150 721 1189 Romanis
749 1163 881 1200 pacem
914 1156 1143 1189 conventam
1173 1152 1316 1190 frustra
1346 1151 1490 1190 fuisse:

87 1212 261 1245 ceterum
282 1207 457 1245 Bocchus
480 1206 511 1245 si
533 1206 721 1245 ambobus
744 1208 964 1245 consultum
992 1212 1031 1245 et
1050 1213 1170 1246 ratam
1205 1220 1339 1258 pacem
1365 1208 1489 1252 vellet,

88 1263 195 1301 daret
217 1275 388 1313 operam,
419 1269 460 1301 ut
480 1274 558 1301 una
580 1263 624 1301 ab
647 1263 830 1301 omnibus
861 1264 969 1313 quasi
993 1264 1040 1301 de
1062 1276 1154 1314 pace
1175 1264 1214 1302 in
1238 1264 1491 1315 conloquium

86 1320 295 1363 veniretur,
317 1318 449 1369 ibique
472 1319 544 1357 sibi
566 1319 714 1357 Sullam
736 1320 926 1364 traderet;
947 1332 1035 1358 cum
1058 1321 1175 1359 talem
1197 1320 1323 1358 virum
1358 1321 1398 1359 in
1420 1333 1491 1371 po—

84 1379 267 1413 testatem
290 1375 499 1420 habuisset,
522 1380 605 1413 tum
623 1378 706 1414 fore
723 1376 779 1414 uti
795 1376 905 1414 iussu
927 1381 1085 1414 senatus
1111 1382 1177 1415 aut
1204 1377 1335 1427 populi
1357 1377 1491 1415 foedus

257 1474 273 1485 a·

88 1500 197 1541 Siege,
221 1501 287 1532 und
304 1501 449 1532 Bocchus
471 1501 550 1532 thue
575 1511 608 1532 es
627 1511 689 1532 nur
706 1501 750 1533 im

84 1546 221 1586 eigenen
235 1544 415 1585 Interesse,
433 1556 485 1576 um
503 1546 573 1578 sich
586 1546 648 1577 den
662 1546 750 1577 stiir-

84 1591 187 1622 keren
219 1589 358 1622 Riiiuern
398 1590 586 1631 gegeniiber
623 1591 749 1631 wenig-

84 1639 175 1666 stens
199 1635 243 1666 im
261 1635 368 1667 Besitz
390 1636 498 1667 seines
518 1635 654 1676 eigenen
673 1636 749 1667 Rei-

83 1681 160 1712 ches
188 1691 228 1711 zu
258 1681 426 1719 erhalteng
462 1691 498 1712 er
526 1681 627 1712 wolle
656 1680 748 1713 diese

83 1725 155 1756 also
179 1725 240 1756 mit
263 1726 359 1757 einer
384 1724 474 1757 Gabe
498 1725 666 1765 abfinden,
695 1727 748 1757 die

83 1770 182 1802 keine
201 1769 292 1803 Gabe
309 1770 367 1801 sei.

125 1814 327 1857 faciundum
337 1827 348 1846 .·
364 1815 460 1847 niiml.
471 1816 611 1847 Boccho:
627 1816 748 1847 daraus

81 1860 210 1900 ergiebt
234 1861 304 1892 sich
320 1861 372 1892 die
390 1861 576 1902 Beziehung
594 1872 659 1892 von
675 1860 748 1892 illo-

82 1915 159 1936 rum
177 1906 243 1936 und
259 1916 331 1937 sua.

126 1950 157 1981 2.
182 1951 351 1991 negitare.-
375 1950 432 1981 das
451 1949 747 1992 Frequentativum

80 1994 224 2026 verliert
251 1995 325 2027 hier
352 1995 461 2026 nichts
485 2006 526 2026 an
550 1996 664 2027 seiner
687 1996 747 2027 Be-

81 2040 236 2080 deutung.

124 2080 351 2127 adfinitatctiz:
370 2095 395 2116 s.
415 2085 467 2125 80,
486 2084 522 2125 ὃς
544 2085 577 2116 in
594 2085 657 2117 wie
674 2084 747 2117 fern

79 2129 152 2161 eine
168 2132 322 2172 cog-natio
340 2130 504 2162 zwischen
521 2129 664 2161 Bocchus
682 2131 746 2162 und

80 2174 243 2214 Jugurtha
281 2174 528 2215 stattgefunden
561 2175 642 2207 habe
656 2200 665 2216 ,
705 2176 749 2207 ist

80 2219 172 2250 nicht
195 2219 349 2252 bekannt.

125 2265 356 2296 intervenisse:
387 2265 421 2296 in
455 2266 514 2297 der
545 2265 746 2306 Bedeutung‚

79 2309 130 2340 die
145 2309 229 2340 auch
241 2309 446 2342 intercedere
457 2309 562 2342 iifters
571 2310 638 2349 hat,
648 2310 746 2351 „eine

79 2354 295 2394 Verbindung
326 2355 493 2387 zwisehen
525 2355 652 2387 zweien
680 2355 746 2386 bil-

78 2398 183 2440 ‹len“;
209 2398 277 2431 Cic.
297 2410 324 2441 p.
344 2398 456 2441 Quint.
477 2401 527 2441 15,
547 2401 589 2432 48
606 2402 647 2439 is,
673 2402 745 2441 qui-

77 2454 152 2475 cum
185 2445 248 2475 tibi
276 2443 435 2487 adfinitas
466 2447 603 2477 societas
635 2455 747 2476 onmes

78 2488 215 2530 denique
258 2499 379 2521 causae
422 2492 454 2520 et
490 2490 746 2522 necessitudines

79 2537 199 2566 veteres
216 2533 471 2566 intercedebant.

867 1501 898 1532 4.
924 1511 1051 1544 pacem:
1070 1502 1213 1533 niimlich
1228 1502 1288 1533 den
1303 1502 1357 1533 die
1371 1502 1490 1533 Romer

824 1546 883 1577 mit
900 1546 1065 1587 Jugurtha
1084 1546 1264 1578 schliel'sen
1284 1548 1432 1578 wiirden.

870 1630 960 1669 112.
988 1638 1016 1668 1.
1048 1636 1306 1667 condicionibus:
1338 1637 1395 1668 hat
1427 1637 1488 1667 den

821 1679 1038 1721 Nachdruck3
1071 1682 1130 1712 das
1163 1681 1489 1722 Entgegengesetzte

821 1727 911 1757 wiire
928 1727 1065 1758 arbitrio
1082 1727 1230 1758 victoris.

866 1771 935 1803 bell.
952 1773 1047 1813 poni:
1065 1782 1106 1802 zu
1124 1771 1177 1811 20,
1196 1772 1225 1802 5.

867 1816 895 1847 2.
914 1819 1125 1848 conventam:
1139 1817 1172 1847 in
1182 1822 1276 1848 sonst
1288 1817 1491 1856 ungewo'hn-

820 1861 940 1893 lichem
974 1861 1148 1893 neutralen
1178 1862 1278 1893 Sinne
1311 1861 1490 1901 „woriiber

819 1917 893 1938 man
911 1907 1000 1947 einig
1016 1908 1195 1947 geworden
1212 1907 1296 1938 sei“.
1326 1908 1368 1938 So
1385 1907 1490 1939 heisst

819 1955 1016 1983 conventum
1042 1951 1215 1983 bisweilen
1235 1953 1317 1983 auch
1334 1951 1490 1984 substan-

818 1997 962 2028 tivisch:
991 1996 1316 2037 ‚‚Ueberei11kuust‘⁴;
1347 1997 1414 2037 vgl.
1444 1997 1490 2029 lo-

820 2052 896 2074 cum
910 2042 1068 2073 ambobus
1082 2041 1239 2084 placitum
1259 2042 1311 2083 81,
1333 2044 1360 2074 1.

863 2111 1003 2152 frustra
1018 2110 1148 2152 fuisse:
1165 2120 1205 2141 zu
1223 2110 1294 2142 Cat.
1314 2110 1367 2150 20,
1387 2111 1416 2142 2.

865 2177 895 2206 3.
912 2177 947 2206 in
955 2177 1021 2217 pot.
1033 2175 1218 2206 habuisset:
1236 2175 1488 2207 DerAusdruck

820 2221 853 2252 in
869 2222 1063 2263 potestatem
1080 2220 1197 2252 habere
1212 2219 1299 2251 fasst
1317 2220 1402 2251 zwei
1416 2219 1488 2252 Mo-

819 2270 928 2297 mente
953 2265 987 2296 in
1006 2265 1077 2297 sich
1093 2265 1159 2296 und
1174 2264 1278 2296 heisst
1297 2266 1330 2296 2⁶71
1343 2268 1488 2308 potesta-

819 2313 886 2342 tem
902 2313 1050 2352 accipere
1066 2312 1097 2341 et
1113 2311 1147 2340 in
1164 2320 1204 2341 ea
1219 2310 1362 2350 lzabere,·
1383 2311 1487 2342 durch

817 2356 876 2387 das
900 2355 1258 2386 Hervortretenlassen
1287 2356 1344 2387 des
1374 2360 1485 2387 ersten

818 2399 978 2440 Begriffes
1004 2399 1242 2440 ‚‚bekom1nen“
1260 2400 1305 2431 ist
1324 2400 1376 2431 die
1393 2399 1487 2442 Mog—

817 2444 959 2476 lichkeit
970 2445 1116 2484 gegeben
1126 2445 1200 2476 hier
1210 2445 1267 2477 das
1276 2444 1485 2488 Plusquamp.

818 2491 904 2521 coni.
924 2490 981 2529 (im
1000 2490 1101 2522 Sinne
1119 2490 1211 2522 eines
1228 2489 1300 2522 Fut.
1317 2500 1367 2522 ex.
1385 2490 1486 2527 .·0ni.)

818 2546 859 2567 zu
876 2534 1097 2575 gehrauehen.
