1720 2875
439 136 494 169 DE
518 135 660 169 BELLO
685 134 883 168 IUGURTH.
909 135 945 168 C.
969 135 1112 168 46—-48,
1394 135 1473 174 149

75 250 164 278 cum
187 238 242 278 eis
263 238 446 290 permixti
474 238 618 284 velites,
647 249 892 288 quocumque
920 237 1148 276 accederent
1177 236 1373 287 equitatus
1401 236 1476 275 ho-

75 295 206 342 stium,
226 296 511 347 propulsarent.
543 294 638 333 Nam
661 294 701 332 in
714 293 898 343 Iugurtha
917 298 1049 332 tantus
1072 293 1182 332 dolus
1203 298 1387 344 tantaque
1404 304 1475 343 pe-
1500 300 1519 331 8

72 352 161 391 ritia
180 352 356 390 locorum
377 357 415 390 et
434 351 595 390 militiae
615 355 707 395 erat,
729 356 772 387 ut
798 349 938 388 absens
959 360 1007 388 an
1036 361 1236 400 praesens,
1266 361 1399 400 pacem
1425 360 1474 387 an

73 407 218 447 bellum
240 419 378 458 gerens
398 405 653 458 perniciosior
673 410 777 444 esset
793 405 833 444 in
848 406 997 444 incerto
1011 405 1233 444 haberetur.
1263 405 1354 444 Erat
1373 405 1476 444 haud
1495 406 1545 441 47

74 465 187 515 longe
208 464 255 502 ab
279 476 323 502 eo
344 464 495 509 itinere,
517 474 593 512 quo
612 461 786 500 Metellus
801 461 999 513 pergebat,
1019 461 1205 512 oppidum
1217 461 1475 500 Numidarum

74 521 234 559 nomine
255 521 366 569 Vaga,
386 520 515 558 forum
536 530 667 557 rerum
690 519 882 557 venalium
902 519 1022 556 totius
1042 519 1151 568 regni
1173 530 1355 557 maxume
1371 518 1477 556 cele-

74 576 239 620 bratum,
261 575 327 614 ubi
349 580 386 613 et
414 575 586 614 incolere
607 580 645 613 et
672 575 835 613 mercari
863 579 1147 614 consueverant
1175 573 1293 613 Italici
1321 574 1476 625 generis

74 633 185 671 multi
206 631 398 670 mortales.
430 631 515 670 Huc
535 631 671 669 consul
691 632 808 670 simul
836 631 1051 682 temptandi
1081 630 1214 681 gratia,
1237 631 1267 669 si
1294 638 1476 682 pateren-
1500 635 1520 667 2

74 694 150 733 tur,
173 692 212 726 et
233 687 533 738 opportunitatis
555 687 629 726 loci
648 687 885 738 praesidium
913 687 1105 738 inposuit;
1126 692 1326 738 praeterea
1348 688 1474 738 impe-

72 744 171 783 ravit
197 744 442 782 frumentum
470 750 508 782 et
545 743 616 783 alia
652 756 751 795 quae
783 744 883 782 bello
919 744 1008 783 usui
1042 746 1172 782 forent
1216 749 1474 794 comportare,

73 805 192 846 ratus,
214 800 253 838 id
275 800 380 851 quod
406 813 470 839 res
491 800 687 845 monebat,
714 800 975 851 frequentiam
997 800 1286 850 negotiatorum
1309 805 1347 838 et
1367 811 1486 844 com·,

73 862 205 895 meatu
220 857 435 895 iuvaturam
453 857 664 895 exercitum
678 861 716 895 et
733 857 808 896 iam
824 856 967 907 paratis
984 856 1102 895 rebus
1121 856 1366 895 munimento
1378 858 1475 894 fore.

71 913 178 951 Inter
204 912 298 952 haec
325 913 480 963 negotia
510 913 695 964 Iugurtha
721 913 924 964 inpensius
955 913 1073 951 modo
1102 913 1248 963 legatos
1279 912 1476 963 supplices
1503 913 1522 944 3

73 969 239 1015 mittere,
260 981 396 1020 pacem
418 981 542 1016 orare,
563 975 716 1020 praeter
743 982 854 1009 suam
881 969 1174 1020 liberorumque
1195 969 1249 1007 vit
1258 980 1319 1007 am
1350 969 1480 1007 omnia

71 1025 225 1064 Metello
247 1026 402 1064 dedere.
433 1027 539 1072 Quos
559 1027 653 1064 item
673 1026 730 1065 uti
756 1026 908 1077 priores
930 1026 1067 1065 consul
1093 1025 1254 1064 inlectos
1276 1025 1323 1063 ad
1344 1025 1479 1076 prodi-
1504 1026 1525 1058 4
1543 1053 1562 1070 .

71 1082 221 1120 tionem
243 1082 403 1120 domum
426 1082 664 1121 dimittebat:
686 1082 769 1132 regi
796 1095 931 1134 pacem
956 1094 1073 1134 quain
1100 1081 1324 1132 postulabat
1350 1093 1479 1132 neque

72 1137 246 1177 abnuere
267 1151 396 1190 neque
418 1139 603 1189 polliceri,
626 1144 664 1177 et
685 1139 789 1177 inter
810 1151 875 1178 eas
897 1151 1025 1177 moras
1046 1138 1239 1189 promissa
1260 1138 1478 1188 legatorum

72 1200 309 1245 exspectare.
340 1195 536 1245 Iugurtha,
557 1195 624 1233 ubi
644 1194 785 1233 Metelli
803 1195 903 1234 dicta
933 1208 1021 1234 cum
1052 1195 1163 1233 factis
1194 1194 1414 1245 composuit
1435 1206 1479 1233 ac
1498 1194 1550 1230 48

72 1263 114 1289 se
150 1251 231 1289 suis
266 1251 415 1290 artibus
450 1252 632 1302 temptari
667 1252 954 1297 animadvortit,
989 1251 1132 1302 quippe
1160 1251 1222 1289 cui
1251 1251 1377 1289 verbis
1405 1262 1480 1301 pax

72 1307 340 1354 nuntiabatur,
362 1313 536 1346 ceterum
558 1319 599 1346 re
617 1308 760 1346 bellum
778 1320 1053 1359 asperrumum
1072 1313 1167 1352 erat,
1184 1307 1278 1346 urbs
1296 1318 1479 1345 maxuma

71 1363 247 1409 alienata,
272 1375 361 1413 ager
382 1364 562 1402 hostibus
583 1364 774 1414 cognitus,
797 1364 914 1403 animi
936 1363 1183 1414 popularium
1204 1363 1394 1414 temptati,
1413 1375 1480 1401 co-

70 1425 178 1457 aetus
198 1431 331 1458 rerum
354 1420 645 1459 necessitudine
662 1420 797 1459 statuit
814 1421 933 1459 armis
950 1426 1110 1458 certare.
1141 1420 1264 1470 Igitur
1281 1420 1476 1470 explorato
1504 1425 1523 1456 2

71 1475 243 1514 hostium
264 1476 418 1522 itinere,
433 1477 474 1515 in
490 1489 601 1527 spem
617 1476 798 1516 victoriae
813 1477 1002 1516 adductus
1021 1489 1066 1515 ex
1083 1476 1376 1527 opportunitate
1389 1475 1476 1519 loci,

72 1564 482 1598 numid.Reiterschaaren
495 1567 636 1607 gedeckt
652 1567 737 1606 (mu-

72 1612 180 1642 m'tum
197 1610 217 1652 ξ
234 1611 267 1648 6)
285 1621 366 1643 war.
392 1611 469 1652 vgl.
489 1613 560 1648 100,
585 1612 598 1643 1
618 1623 649 1642 11.
668 1612 698 1643 2.

117 1665 194 1687 cum
210 1657 278 1687 eis:
310 1656 455 1688 niimlich
477 1657 535 1689 mit
553 1658 614 1688 den
630 1656 734 1689 auoeil.

71 1703 170 1742 equit.

116 1729 319 1787 equitatus,
349 1746 409 1778 der
448 1746 551 1786 (nicht
591 1747 733 1788 haufige)

70 1789 187 1822 Plural
204 1801 264 1822 zur
281 1791 509 1832 Bezeiehnung
532 1791 591 1823 der
607 1793 734 1824 einzel-

72 1845 132 1867 nen
141 1835 393 1876 Reiterhaufen3
412 1835 467 1867 fiir
480 1837 532 1867 die
542 1835 638 1868 Num.
652 1839 733 1869 eben

72 1891 109 1912 so
127 1880 511 1921 charakteristisch,wie
529 1882 563 1913 111
581 1883 737 1915 auderem

72 1925 167 1957 Falle
183 1925 411 1958 multitudines
428 1927 501 1958 Cat.
520 1927 573 1968 50,
595 1928 622 1959 1.

117 1964 187 2003 4¹7.
230 1972 257 2002 1.
305 1970 526 2003 celebratum:
542 1987 557 1997 =
577 1972 737 2014 frequen-

71 2017 191 2047 tatum.

116 2061 147 2092 2.
187 2061 250 2092 lzuc
281 2062 439 2103 inposuit:
480 2061 543 2093 Mit
586 2066 738 2105 entspre-

72 2105 217 2138 chenden
225 2105 405 2137 Adverbiis
419 2107 465 2138 ist
483 2108 634 2148 inponere
653 2109 737 2140 noch

72 2149 159 2183 {ister
175 2151 378 2189 verbunden,
398 2151 463 2182 und
489 2162 582 2183 zwar
598 2153 659 2184 mit
676 2163 736 2194 quo

73 2195 126 2237 66,
143 2195 181 2236 23
201 2196 275 2235 103,
296 2197 330 2236 13
348 2196 409 2227 mit
425 2207 460 2228 eo
478 2197 530 2235 75,
549 2198 581 2228 4.

116 2241 246 2272 consul.-
277 2241 350 2273 hier
367 2252 398 2273 u.
416 2241 437 2283 ξ
454 2243 475 2274 4
500 2242 648 2275 1118381118
670 2242 737 2275 Un-

73 2284 290 2326 genauigkeit
305 2286 371 2318 wie
390 2287 443 2327 39,
461 2287 492 2318 2.

116 2330 315 2372 temptandi:
331 2331 474 2364 niimlich
488 2332 622 2364 incolas.

117 2376 150 2405 si
160 2377 352 2417 paterentur
369 2381 431 2408 etc.
449 2379 488 2418 si,
507 2378 572 2409 wie
587 2377 670 2409 auch
682 2377 737 2409 bei

72 2419 215 2451 anderen
248 2418 518 2454 Schriftstellern
557 2423 642 2454 nach
673 2423 735 2455 den

70 2464 192 2496 Verbis
210 2465 267 2496 des
285 2465 507 2508 Versuchens,
529 2466 732 2500 Abwartens

72 2520 102 2540 u.
123 2510 210 2541 ι1111111.
227 2525 241 2535 =
258 2509 362 2549 ‚,0b“;
409 2522 450 2542 zu
474 2514 734 2555 opportunitatis

71 2554 118 2586 ist
133 2565 193 2586 aus
218 2554 288 2587 dem
305 2555 603 2596 Vorhergehenden
617 2559 734 2598 gratia

71 2610 112 2631 zu
141 2600 322 2642 suppliren.
340 2619 382 2623 —
399 2601 468 2633 Aus
492 2603 553 2633 den
583 2602 734 2635 vielfach

809 1566 973 1598 unklaren
996 1566 1172 1598 handschr.
1190 1565 1353 1598 Lesarteu
1370 1565 1477 1597 haben

809 1611 942 1643 Andere
965 1612 1116 1651 gemacht
1140 1610 1331 1653 temptandi
1348 1612 1478 1652 gratia,

808 1659 840 1688 si
845 1659 1050 1700 paterentur,
1061 1659 1093 1688 et
1101 1657 1138 1687 ob
1149 1658 1405 1699 opportunitates
1414 1660 1477 1688 etc.

853 1704 1078 1745 comportare:
1091 1700 1224 1733 Derlnf.
1234 1702 1298 1733 wie
1307 1702 1377 1734 Cat.
1388 1701 1436 1741 16,
1447 1702 1477 1732 2.

850 1747 1077 1789 frequentiam
1114 1748 1376 1786 negotiatorum:
1416 1746 1479 1777 Die

807 1793 923 1832 grosse
940 1791 1026 1823 Zahl
1051 1792 1109 1823 der
1134 1792 1239 1823 durch
1263 1791 1356 1823 diese
1374 1790 1480 1823 Mass-

810 1838 904 1878 regel
933 1837 967 1868 111
991 1831 1188 1877 Thatigkeit
1212 1841 1384 1877 gesetzten
1412 1835 1478 1868 und

810 1884 892 1914 nach
910 1882 1003 1923 Vaga
1032 1882 1211 1923 gelockteu
1247 1883 1478 1924 negotiatores.

809 1927 889 1959 Dies
907 1937 1022 1959 waren
1040 1928 1138 1959 meist
1154 1926 1275 1967 Italer3
1295 1938 1319 1958 s.
1339 1926 1359 1968 ξ
1382 1929 1395 1959 1
1411 1927 1477 1959 111111

810 1983 851 2004 zu
869 1973 922 2013 21,
940 1973 971 2005 2.

854 2020 940 2049 iam:
970 2018 1088 2058 gehiirt
1111 2028 1173 2048 nur
1190 2028 1230 2048 zu
1243 2018 1379 2060 paratis
1387 2029 1398 2055 ;
1423 2017 1475 2048 die

809 2062 937 2095 bereits
969 2062 1171 2094 beschafften
1206 2062 1373 2094 Vorriithe
1414 2062 1476 2093 den

810 2118 873 2139 neu
889 2107 1258 2140 herbeizuschaffenden
1275 2107 1477 2147 gegeniiber.

854 2153 884 2184 3.
911 2154 1081 2196 inpensius
1096 2151 1210 2184 modo:
1240 2152 1321 2184 Hier
1339 2152 1403 2183 und
1422 2153 1476 2191 75,

812 2199 826 2229 1
857 2198 904 2229 ist
930 2197 1029 2229 modo
1057 2198 1108 2229 als
1131 2197 1391 2229 vei-starkendes
1408 2195 1477 2228 Ad-

808 2243 901 2274 verb.
927 2254 968 2274 zu
990 2243 1138 2282 nehmen,
1163 2253 1198 2274 so
1223 2243 1300 2275 dass
1317 2242 1377 2274 der
1393 2241 1476 2274 Sinn

809 2288 855 2320 ist
879 2298 965 2330 „nur
989 2289 1073 2320 noch
1096 2287 1237 2328 eifriger
1254 2288 1305 2319 als
1323 2286 1437 2319 friiher
1453 2303 1475 2314 =

808 2343 874 2364 nun
897 2337 968 2365 erst
989 2334 1084 2365 recht
1100 2333 1233 2374 eifrig“.
1266 2333 1343 2373 Vgl.
1361 2332 1416 2364 die
1434 2343 1475 2364 zu

809 2377 879 2409 Cat.
903 2378 961 2417 60,
985 2379 1004 2409 5
1027 2376 1222 2418 angeffibrte
1246 2378 1352 2410 Stelle
1375 2377 1474 2410 Lucr.

808 2423 847 2455 de
864 2422 901 2454 R.
919 2423 961 2455 N.
982 2424 1012 2463 2,
1034 2423 1128 2455 1134.

852 2470 883 2498 4.
907 2469 1092 2510 promissa:
1123 2468 1189 2508 vgl.
1219 2467 1276 2500 das
1306 2479 1348 2499 zu
1379 2467 1430 2508 14,
1453 2468 1474 2499 2

806 2511 889 2544 iiber
905 2516 1080 2555 praecepta
1097 2511 1253 2554 Gesagte.

851 2551 916 2589 48.
937 2560 964 2591 1.
990 2558 1154 2590 alienata:
1172 2560 1231 2599 „in
1248 2557 1373 2591 fremde
1387 2558 1473 2589 H'an·

807 2603 845 2635 de
869 2603 1097 2643 gekommen“.
1130 2604 1214 2636 Dass
1238 2614 1273 2636 es
1293 2604 1366 2636 sich
1383 2603 1473 2634 nieht
