1720 2875
441 125 497 157 DE
523 124 666 156 BELLO
692 122 895 156 IUGURTH.
942 122 977 154 C.
1003 122 1147 154 95—97.
1415 122 1494 162 201

86 239 152 267 aes
175 231 357 266 mutuum
378 226 554 271 reddere,
577 225 661 276 ipse
683 225 730 263 ab
752 224 860 263 nullo
882 229 1074 275 repetere,
1104 223 1228 274 magis
1250 223 1288 262 id
1308 223 1496 267 laborare,

87 288 131 322 ut
151 283 204 321 illi
225 295 342 334 quam
364 282 534 333 plurumi
557 281 758 327 deberent,
781 280 865 319 ioca
885 285 1002 331 atque
1023 280 1122 318 seria
1145 292 1234 318 cum
1256 279 1497 318 humillumis

87 351 214 389 agere:
235 339 277 377 in
291 339 489 390 operibus,
507 338 548 376 in
566 337 721 386 agmine
738 342 854 387 atque
872 337 918 374 ad
934 336 1080 385 vigilias
1098 336 1247 374 multus
1263 336 1409 384 adesse,
1429 348 1500 375 ne·
1526 341 1544 373 3

88 408 165 446 que
186 395 357 440 interim,
381 394 485 445 quod
506 405 625 444 prava
648 392 807 432 ambitio
830 392 939 437 solet,
973 392 1143 431 consulis
1173 399 1239 430 aut
1268 392 1501 443 cuiusquam

86 451 179 489 boni
197 452 339 490 famam
355 450 522 495 laedere,
551 454 705 488 tantum
721 449 837 487 modo
863 461 992 499 neque
1024 448 1186 486 consilio
1220 460 1350 499 neque
1381 460 1502 487 manu

87 507 263 558 priorem
285 507 402 546 alium
423 506 515 556 pati,
538 506 748 557 plerosque
770 505 1007 544 antevenire.
1042 505 1190 551 Quibus
1212 504 1329 543 rebus
1347 511 1385 544 et
1406 504 1500 544 arti-
1527 509 1547 541 4

87 563 160 602 bus
182 563 290 602 brevi
310 562 430 601 Mario
453 562 723 613 militibusque
746 562 994 605 carissumus,
1009 563 1146 600 factus.

200 619 248 656 At
268 619 464 668 Iugurtha,
481 623 690 668 postquam
708 618 896 669 oppidum
915 617 1079 668 Capsam
1099 617 1271 668 aliosque
1287 617 1393 655 locos
1411 629 1502 655 mu-
1522 616 1573 652 97

86 675 191 714 nitos
213 679 250 713 et
271 674 345 712 sibi
366 674 470 712 utilis
493 674 611 712 simul
628 681 665 712 et
687 686 869 723 magnam
888 674 1097 725 pecuniam
1119 674 1312 717 amiserat,
1337 673 1384 711 ad
1401 673 1501 711 Boc-

84 731 205 769 chum
226 730 388 769 nuntios
410 729 535 768 misit:
570 743 686 784 quam
708 731 881 781 primum
912 731 953 769 in
976 730 1203 769 Numidiam
1225 729 1355 780 copias
1378 729 1503 768 addu-

84 792 210 831 ceret:
232 787 354 837 proeli
375 786 550 825 faciundi
570 792 728 837 tempus
752 787 899 825 adesse.
932 787 1057 832 Quem
1076 786 1142 825 ubi
1161 786 1334 825 cunctari
1356 785 1503 836 accepit
1528 790 1548 822 2

86 849 125 881 et
135 842 299 881 dubium
316 842 405 881 belli
420 847 538 893 atque
556 843 658 893 pacis
672 843 843 881 rationes
860 843 1030 884 trahere,
1048 855 1186 881 rursus
1205 843 1262 881 uti
1279 847 1393 880 antea
1408 854 1502 892 pro-

85 911 223 937 xumos
253 899 337 937 eius
367 899 480 937 donis
511 899 688 949 corrupit
717 899 871 950 ipsique
894 899 1028 937 Mauro
1059 898 1266 949 pollicetur
1296 897 1504 936 Numidiae

86 961 239 1006 partem
261 954 429 995 tertiam.
453 955 484 993 si
502 960 567 993 aut
584 955 751 994 Romani
771 955 901 993 Africa
918 954 1068 1005 expulsi
1085 960 1153 993 aut
1174 954 1334 1004 integris
1356 954 1437 992 suis
1455 954 1502 992 fi-

87 1011 204 1050 nibus
225 1011 369 1050 bellum
393 1011 653 1062 compositum
675 1012 788 1050 foret.
838 1011 894 1050 Eo
922 1011 1097 1062 praemio
1127 1011 1294 1049 inlectus
1324 1010 1499 1049 Bocchus

88 1080 177 1107 cum
199 1079 338 1118 magna
360 1068 613 1106 multitudine
634 1067 861 1118 Iugurtham
884 1068 1042 1106 accedit.

199 1123 255 1162 Ita
272 1123 480 1162 amborum
498 1124 666 1163 exercitu
680 1124 890 1163 coniuncto
900 1124 1066 1162 Marium
1082 1124 1210 1162 iamin
1226 1123 1389 1162 hiberna
1405 1136 1499 1174 pro-

86 1180 330 1219 ficiscentem
352 1180 415 1218 vix
437 1180 599 1219 decuma
620 1186 731 1231 parte
754 1181 815 1219 die
836 1181 986 1230 reliqua
1008 1180 1209 1222 invadunt,
1233 1180 1306 1219 rati
1327 1185 1499 1226 noctem,

87 1249 186 1287 quae
215 1237 293 1275 iam
322 1237 471 1285 aderat,
503 1242 543 1274 et
569 1236 680 1275 victis
710 1236 783 1275 sibi
810 1237 1060 1275 munimento
1088 1237 1172 1275 fore
1204 1242 1241 1274 et
1263 1236 1295 1274 si
1315 1236 1502 1275 vicissent

85 1293 192 1331 nullo
209 1292 510 1343 impedimento,
529 1292 618 1344 quia
635 1293 811 1331 locorum
829 1293 999 1332 scientes
1017 1299 1140 1337 erant,
1164 1296 1300 1332 contra
1316 1292 1500 1331 Romanis

85 1354 299 1399 utrumque
317 1361 448 1387 casum
468 1349 507 1387 in
525 1348 698 1387 tenebris
717 1349 977 1388 difficiliorem
995 1350 1090 1388 fore.
1122 1349 1247 1400 Igitur
1263 1349 1381 1387 simul
1403 1360 1501 1388 con-

86 1405 147 1444 sul
168 1418 215 1444 ex
236 1405 370 1443 multis
401 1406 448 1444 de
476 1405 651 1444 hostium
684 1406 853 1444 adventu
883 1406 1063 1456 cognovit
1094 1411 1132 1444 et
1159 1405 1233 1456 ipsi
1255 1405 1389 1443 hostes
1412 1405 1500 1444 ade-

85 1466 196 1509 rant3
220 1466 258 1500 et
278 1461 388 1512 prius
411 1474 528 1512 quam
551 1462 747 1500 exercitus
770 1468 835 1501 aut
856 1462 1000 1500 instrui
1021 1468 1089 1500 aut
1109 1462 1282 1500 sarcinas
1310 1461 1500 1512 colligere,

85 1518 257 1568 denique
278 1523 370 1556 ante
393 1530 511 1568 quam
533 1518 691 1568 signum
707 1524 774 1557 aut
795 1519 1008 1570 imperium
1025 1518 1149 1557 ullum
1167 1518 1343 1568 accipere
1365 1518 1500 1569 quivit,

85 1607 143 1640 des
160 1607 290 1640 Marius
309 1605 427 1639 befand
443 1607 515 1639 sich
531 1607 624 1639 nicht
640 1607 755 1639 inner-

84 1653 163 1684 halb
181 1654 242 1684 der
260 1652 408 1684 Provinz
425 1651 553 1683 Africa.

130 1698 162 1730 2.
178 1697 250 1729 illc:
265 1697 754 1738 ausnahmsweisegebraucht,

85 1752 138 1774 wo
167 1742 385 1783 regelm'al'sig
418 1742 477 1773 das
503 1742 602 1774 Pron.
637 1745 753 1775 reflex.

87 1787 205 1820 stehen
224 1788 342 1826 sollte,
365 1787 437 1819 also
457 1787 503 1819 ist
520 1787 580 1819 der
598 1788 754 1820 Gedanke

83 1833 178 1865 mehr
193 1832 413 1864 unmittelbai·
429 1843 489 1864 aus
507 1832 688 1864 demSinne
697 1834 755 1865 des

84 1876 353 1910 Schriftstellers
382 1876 519 1917 gefasst.
545 1896 588 1900 —
614 1877 756 1919 Unm'dg-

84 1923 154 1954 lich
180 1922 273 1954 w'are
301 1932 337 1953 es
366 1922 522 1954 indessen
547 1922 650 1963 nicht,
679 1924 755 1955 dass

85 1977 161 1999 man
179 1967 235 1998 illi
255 1968 304 1998 als
322 1967 451 1999 Nomin.
474 1968 540 1998 und
565 1967 623 1998 das
642 1967 755 2000 Ganze

83 2028 99 2039 =
114 2012 166 2044 illi
179 2014 238 2054 qui
253 2012 407 2044 deberent
422 2022 524 2054 quam
536 2011 692 2055 plurumi
703 2024 756 2045 es-

84 2060 158 2090 sent
174 2068 215 2089 zu
231 2058 369 2089 nehmen
386 2057 488 2089 hatte.

129 2104 222 2134 ioca.-
251 2102 352 2134 Diese
382 2101 586 2134 Pluralform
614 2102 756 2135 braucht

85 2148 171 2180 auch
187 2147 319 2180 Cicero.

131 2192 162 2224 3.
188 2192 336 2224 multus:
353 2203 393 2224 zu
411 2192 465 2230 84,
487 2194 515 2225 1.

131 2230 201 2270 97.
230 2240 257 2271 1.
285 2238 486 2280 pecuniam:
509 2237 581 2269 dies
606 2243 756 2270 nament—

84 2282 154 2314 lich
165 2282 270 2314 durch
281 2283 343 2314 den
353 2282 492 2315 Verlust
505 2283 566 2314 der
572 2280 755 2323 Bergfeste,

85 2327 156 2368 vgl.
173 2327 228 2367 92,
245 2328 276 2359 6.

132 2372 163 2403 2.
187 2373 342 2405 trahere:
358 2382 399 2404 zu
416 2373 470 2413 84,
488 2372 519 2403 4.

131 2419 184 2449 uti
196 2419 319 2448 antea.-
335 2427 396 2448 zur
412 2418 518 2449 Saehe
534 2416 603 2458 vgl.
622 2417 675 2458 80,
693 2416 722 2448 3.

131 2461 162 2493 3.
190 2462 392 2504 Iugurtham
407 2462 546 2495 accedit.-
564 2473 606 2493 zu
625 2462 677 2503 18,
694 2462 726 2494 9.

131 2506 201 2539 die:
219 2518 260 2538 zu
277 2507 331 2547 21,
352 2507 382 2538 2.

130 2551 221 2584 nullo
252 2551 486 2595 impedimento
498 2565 509 2584 .-
540 2552 608 2584 Der
639 2552 752 2584 Ablat.

829 1609 945 1650 qualit.
963 1608 996 1639 in
1010 1608 1242 1640 wechselnder
1250 1608 1500 1641 Construction.

828 1672 871 1675 —
895 1653 1079 1693 Uebrigens
1105 1654 1152 1685 ist
1176 1654 1251 1685 hier
1276 1664 1315 1685 an
1340 1654 1394 1685 die
1418 1654 1502 1686 Ver-

828 1697 966 1738 folgung
990 1699 1049 1730 der
1064 1698 1191 1730 Feinde
1215 1700 1299 1731 nach
1315 1699 1387 1730 dem
1403 1698 1501 1739 Siege

829 1754 870 1774 zu
910 1743 1055 1782 denken3
1095 1744 1199 1775 daher
1237 1744 1323 1776 auch
1355 1745 1501 1776 naehher

828 1788 1073 1830 dfffioeliorem,
1094 1788 1185 1819 nicht
1193 1791 1401 1829 gwaviorem,
1418 1789 1501 1821 wel-

829 1834 907 1864 ches
932 1834 1076 1865 letztere
1099 1832 1159 1865 auf
1179 1834 1240 1865 den
1259 1833 1335 1865 Fall
1353 1834 1410 1865 des
1428 1833 1501 1866 sie-

828 1888 886 1918 ges
905 1879 998 1910 nicht
1016 1878 1219 1910 auwendbar
1236 1879 1308 1911 sein
1326 1879 1453 1911 wiirde.

874 1924 904 1954 4.
933 1923 1039 1955 simul
1057 1948 1064 1955 .
1083 1947 1091 1955 .
1110 1947 1118 1955 .
1135 1926 1184 1955 et:
1207 1924 1276 1963 vgl.
1300 1924 1378 1956 Tac.
1395 1925 1446 1956 Ab
1470 1934 1499 1956 e.

829 1969 859 2000 d.
877 1970 917 2000 A.
936 1969 966 2006 4,
987 1969 1028 2000 25
1046 1968 1209 2010 =simulque
1231 1971 1363 2011 coeptus
1379 1968 1451 2000 dies
1468 1971 1500 2001 ei

828 2016 983 2045 concentu
1001 2014 1159 2045 tubarum
1173 2037 1180 2044 .
1198 2038 1205 2044 .
1220 2038 1227 2045 .
1242 2014 1385 2046 aderant
1395 2015 1500 2046 semi-

827 2068 964 2090 somnos
979 2060 1015 2090 in
1032 2059 1205 2090 barbaros.

872 2114 959 2135 sare.
983 2103 1162 2145 colligere:
1185 2103 1278 2144 Dies,
1301 2108 1396 2135 sonst
1411 2110 1500 2136 sarc‘.

829 2149 987 2190 conferre
1011 2153 1169 2190 genanut,
1191 2149 1335 2188 geschah
1359 2158 1422 2180 vor
1439 2149 1501 2180 Be-

815 2193 906 2233 vginn
935 2193 1029 2225 einer
1053 2194 1211 2225 Schlacht
1239 2193 1306 2225 und
1334 2194 1380 2225 ist
1408 2194 1503 2225 nicht

828 2249 871 2269 zu
894 2239 1126 2271 verweehseln
1148 2239 1211 2270 mit
1236 2249 1315 2270 vasa
1331 2237 1499 2280 colligere,

827 2292 898 2314 was
924 2283 1012 2315 heim
1029 2282 1203 2315 Aufbruch
1220 2284 1278 2315 des
1296 2283 1421 2315 Heeres
1438 2293 1499 2316 aus

829 2328 902 2360 dem
920 2328 1030 2368 Lager
1045 2329 1198 2368 geschah.

873 2375 1031 2414 signum:
1061 2373 1095 2404 in
1114 2373 1334 2413 Verbindung
1360 2373 1422 2405 mit
1445 2372 1498 2404 ul-

829 2417 896 2449 lum
911 2419 1001 2450 steht
1015 2419 1049 2450 in
1063 2428 1147 2458 ganz
1160 2418 1390 2458 allgemeinem
1400 2418 1500 2457 Sinn3

828 2463 882 2494 die
900 2462 1061 2495 Soldaten
1084 2463 1242 2494 bekameu
1260 2462 1336 2494 keiu
1353 2463 1500 2495 Zeichen

828 2509 946 2548 irgend
969 2508 1062 2540 einer
1079 2509 1154 2548 Art,
1177 2508 1257 2540 kein
1280 2508 1501 2550 Trompeteu-

827 2553 948 2594 signal,
965 2553 1064 2585 keine
1082 2553 1227 2593 Losung.

1530 1012 1549 1044 3
