1720 2875
202 134 280 173 162
686 131 721 162 C.
748 128 958 163 SALLUSTl
983 127 1116 161 CRISPl

196 242 257 275 tes
279 236 352 275 tela
386 234 541 285 agitare.
591 231 703 279 Quod
731 231 797 271 ubi
817 231 937 271 Mario
958 231 1160 282 cognitum
1182 236 1240 270 est
1259 255 1314 260 —
1334 243 1425 271 nam
1447 231 1479 271 is
1500 231 1542 270 in
1563 244 1607 272 ea

197 297 309 344 parte
329 290 489 329 curabat
509 313 576 335 ——,
599 288 778 328 consulto
796 288 925 328 lenius
941 300 1056 339 agere
1073 300 1114 327 ac
1132 288 1391 326 diffidentiam
1409 289 1466 328 rei
1482 288 1607 327 simu-

149 360 169 391 6
194 350 293 394 lare;
314 347 393 399 pati
416 345 603 385 Numidas
624 345 709 384 sine
729 345 901 385 tumultu
923 345 1025 396 regis
1054 344 1248 395 proelium
1280 344 1419 384 visere.
1460 345 1515 384 Ita
1536 344 1609 384 illis

193 405 324 444 studio
347 415 510 442 suorum
532 402 746 446 adstrictis,
777 406 939 453 repente
970 413 1108 452 magna
1131 401 1166 439 vi
1188 413 1345 440 murum
1368 401 1609 452 aggreditur:

195 467 233 500 et
249 461 325 500 iam
345 459 456 498 scalis
475 459 621 510 egressi
639 459 782 497 milites
800 470 922 510 prope
938 470 1092 497 summa
1109 463 1305 508 ceperant,
1320 470 1409 496 cum
1426 458 1609 509 oppidani

150 528 166 558 τ
195 521 454 558 concurrunt.
486 515 634 567 lapides
663 515 792 565 ignem
823 514 892 554 alia
923 520 1120 565 praeterea
1143 514 1219 552 tela
1240 514 1437 565 ingerunt.
1479 514 1609 553 Nostri

194 574 324 625 primo
346 573 551 616 resistere3
574 572 716 611 deinde
739 571 803 610 ubi
825 582 924 609 unae
945 576 1063 622 atque
1085 571 1228 610 alterae
1246 571 1371 610 scalae
1387 570 1609 610 comminu-

195 637 272 676 tae,
290 630 357 681 qui
373 634 680 681 supersteterant
697 627 839 666 adflicti
856 633 963 672 sunt,
974 627 1105 673 ceteri,
1123 640 1280 678 quoquo
1300 628 1417 666 modo
1435 632 1610 679 potuere,

153 699 172 731 8
198 687 311 738 pauci
334 686 496 737 integri,
528 696 666 735 magna
693 696 780 736 pars
802 684 1027 722 volneribus
1050 683 1217 722 confecti
1237 684 1395 723 abeunt.
1437 684 1611 735 Denique

198 743 399 794 utrimque
421 742 615 793 proelium
640 753 716 780 nox
737 740 903 779 diremit.

131 806 178 842 61
298 799 487 846 Metellus,
510 804 717 849 postquam
740 797 847 836 videt
867 799 1011 835 frustra
1032 795 1250 846 inceptum,
1273 808 1401 848 neque
1422 796 1609 847 oppidum

199 856 301 907 capi,
333 868 462 907 neque
485 855 710 906 Iugurtham
742 854 815 893 nisi
837 865 885 892 ex
905 853 1058 892 insidiis
1081 857 1146 892 aut
1165 865 1236 891 suo
1258 853 1341 891 loco
1363 864 1531 904 pugnam
1553 853 1611 892 fa-

194 925 304 959 cere,
335 918 373 951 et
400 913 475 951 iam
498 917 685 951 aestatem
709 917 882 950 exactam
906 923 1010 951 esse.
1041 909 1089 948 ab
1110 910 1223 961 Zama
1250 909 1413 948 discedit
1434 915 1473 948 et
1493 910 1534 948 in
1555 909 1612 948 eis

194 969 372 1014 urbibus,
396 981 494 1021 quae
515 968 561 1007 ad
585 982 627 1007 se
645 968 872 1007 defecerant
887 966 1064 1017 satisque
1081 966 1254 1004 munitae
1272 967 1354 1004 loco
1373 973 1440 1005 aut
1458 966 1612 1005 moeni-

151 1037 171 1069 2
196 1026 271 1066 bus
300 1031 430 1071 erant,
460 1025 653 1077 praesidia
685 1024 859 1075 inponit3
887 1029 1061 1061 ceterum
1093 1022 1309 1061 exercitum
1337 1023 1379 1060 in
1400 1023 1612 1073 provincia,

151 1094 170 1126 3
197 1095 298 1134 quae
321 1095 511 1134 proxuma
533 1088 594 1121 est
610 1081 827 1121 Numidiae.
846 1079 1043 1118 hiemandi
1061 1079 1182 1130 gratia
1199 1078 1387 1118 conlocat.
1420 1079 1556 1130 Neque
1574 1079 1610 1118 id

195 1145 350 1190 tempus
373 1152 420 1177 ex
441 1138 606 1177 aliorum
629 1149 739 1176 more
761 1136 882 1188 quieti
903 1140 969 1174 aut
990 1135 1163 1174 luxuriae
1185 1135 1381 1181 concedit,
1401 1135 1491 1180 sed,
1514 1148 1612 1187 quo-

195 1195 300 1235 niam
322 1196 440 1234 armis
463 1195 609 1234 bellum
632 1206 770 1245 parum
791 1192 1048 1244 procedebat,
1079 1191 1238 1231 insidias
1267 1191 1348 1242 regi
1378 1204 1449 1243 per
1469 1192 1612 1231 amicos

149 1267 170 1298 4
194 1253 358 1292 tendere
380 1257 419 1291 et
441 1263 576 1290 eorum
600 1250 758 1302 perfidia
787 1262 859 1300 pro
889 1249 1007 1288 armis
1037 1249 1095 1288 uti
1116 1253 1238 1300 parat.
1278 1248 1400 1299 Igitur
1420 1248 1612 1288 Bomilca—

194 1321 300 1355 rem,
329 1308 396 1360 qui
419 1308 565 1347 Romae
596 1320 687 1346 cum
708 1306 894 1356 Iugurtha
919 1305 1046 1344 fuerat
1075 1311 1114 1344 ct
1142 1305 1234 1343 inde
1265 1304 1425 1344 vadibus
1447 1305 1544 1345 datis
1566 1305 1613 1344 dc

194 1365 385 1404 Massivae
407 1378 503 1404 nece
525 1364 712 1403 iudicium
735 1365 903 1414 fugerat,
934 1362 1036 1413 quod
1070 1362 1104 1400 ei
1132 1373 1202 1412 per
1229 1374 1451 1401 maxumam
1474 1361 1613 1401 amici—

196 1423 290 1462 tiam
313 1434 495 1462 maxuma
517 1421 623 1472 copia
648 1420 807 1460 fallundi
829 1424 931 1464 erat,
961 1418 1094 1457 multis
1116 1417 1457 1469 pollicitationibus
1479 1430 1614 1470 aggre-

153 1491 171 1522 5
197 1479 317 1518 ditur.
348 1482 403 1518 Ac
424 1478 550 1529 primo
572 1477 704 1522 efficit,
727 1476 785 1515 uti
803 1476 847 1515 ad
866 1488 907 1514 se
925 1475 1188 1526 conloquendi
1211 1475 1332 1525 gratia
1352 1475 1526 1513 occultus
1547 1487 1612 1513 ve—

199 1535 303 1581 niat,
320 1535 461 1574 deinde
477 1535 551 1573 fide
568 1535 666 1579 data,
685 1534 716 1572 si
733 1532 958 1584 Iugurtham
976 1531 1106 1570 vivum
1123 1536 1187 1570 aut
1205 1536 1386 1570 necatum
1404 1530 1478 1569 sibi
1493 1531 1614 1570 tradi-

201 1592 336 1638 disset,
357 1592 442 1631 fore
465 1596 506 1630 ut
526 1591 579 1629 illi
601 1596 758 1630 senatus
780 1589 1043 1641 inpunitatem
1062 1594 1099 1627 et
1124 1600 1193 1626 sua
1217 1588 1349 1627 omnia
1365 1587 1612 1630 concederet,

198 1649 311 1689 facile
333 1648 525 1688 Numidae
546 1647 768 1699 persuadet,
790 1658 879 1686 cum
901 1645 1057 1696 ingenio
1081 1644 1201 1684 infido
1223 1651 1305 1683 tum
1331 1644 1523 1684 metuenti
1550 1656 1611 1688 ne,

201 1706 234 1745 si
254 1719 328 1757 pax
348 1718 437 1744 cum
459 1704 647 1744 Romanis
669 1704 798 1749 fieret,
826 1703 909 1754 ipse
935 1714 1007 1754 per
1036 1701 1286 1740 condiciones
1307 1702 1356 1740 ad
1376 1701 1611 1753 supplicium
1650 1703 1657 1714 “

200 1822 259 1854 das
277 1820 448 1862 Folgeude
462 1820 568 1852 durch
595 1822 625 1851 et
654 1817 872 1861 angekniipft,

200 1867 294 1908 giebt
312 1866 386 1898 eine
403 1875 569 1907 genauere
587 1864 781 1905 Erkliiruug
804 1864 872 1895 die-

201 1922 258 1945 ser
276 1911 462 1945 Geberden.

248 1958 278 1990 5.
306 1958 378 1989 sine
395 1955 565 1988 tumultu:
589 1954 698 1995 „ohne
726 1954 804 1986 dass
822 1954 873 1986 sie

203 2002 309 2034 durch
324 2002 475 2043 Angriffe
493 2002 625 2042 gesto‘rt
641 2000 815 2031 wurden“.

248 2049 279 2080 6.
321 2049 469 2089 egressi:
503 2044 872 2087 „hinaufgestiegen“;

202 2093 270 2133 vgl.
288 2092 344 2133 93,
365 2093 393 2133 2,
413 2102 464 2123 wo
494 2092 552 2123 das
587 2090 689 2122 VVort
720 2089 873 2122 zweimal

204 2139 239 2171 in
256 2138 525 2171 verschiedenen
543 2136 777 2176 Bedeutungen
796 2145 875 2166 vor-

204 2184 340 2216 kommt.

250 2230 280 2261 7.
306 2239 393 2260 unae
411 2231 510 2270 atque
525 2227 669 2259 alterae:
687 2226 755 2266 vgl.
775 2224 829 2264 93,
843 2225 872 2256 2.

249 2268 318 2307 61.
335 2277 360 2307 1.
378 2275 570 2315 inceptam:
588 2270 873 2310 substantivisch3

197 2321 342 2362 ,frustra
369 2319 487 2360 geho'rt
519 2329 561 2349 zu
592 2318 665 2349 dem
698 2316 874 2348 schleuden

207 2366 353 2398 Verbum
371 2375 456 2396 esse.

251 2421 354 2452 neque
372 2435 377 2441 .
398 2433 405 2440 .
423 2419 544 2451 neque:
562 2418 603 2439 zu
621 2406 691 2439 Cat.
711 2407 765 2449 58,
785 2408 812 2440 1.

251 2465 312 2487 suo
329 2455 415 2487 loco:
434 2465 475 2486 zu
493 2455 546 2495 5⁴,
567 2454 595 2484 S.

251 2503 429 2533 aestatem.-
454 2500 484 2531 d.
513 2500 542 2531 .l.
572 2498 638 2531 646
668 2497 778 2538 <108);
808 2496 876 2537 vgl.

206 2557 248 2577 zu
265 2546 321 2586 46,
339 2545 370 2577 S.

251 2592 286 2622 in
302 2592 351 2623 eis
367 2590 523 2622 urbibus.-
540 2589 640 2621 Diese
659 2588 792 2620 Constr.
811 2597 875 2619 von

945 1819 1104 1860 inponere
1131 1826 1193 1848 nur
1217 1815 1309 1855 hier3
1341 1815 1416 1848 eine
1444 1815 1569 1847 andere
1586 1825 1613 1847 s.

944 1873 985 1894 zu
1002 1862 1057 1903 47,
1077 1862 1108 1894 2.

990 1906 1036 1938 ad
1067 1918 1102 1938 se
1131 1906 1341 1949 defecerant:
1389 1905 1456 1937 Das
1498 1906 1611 1937 reflex.

946 1953 1043 1984 Pron.
1065 1953 1097 1984 in
1122 1952 1228 1984 einem
1247 1950 1529 1983 indicativischeu
1547 1950 1615 1983 Ne-

945 1998 1102 2030 beusatze
1121 1997 1180 2028 mit
1198 1997 1347 2037 eigenem
1365 1995 1514 2037 Suhject,
1546 1996 1613 2028 wie

945 2042 1125 2083 66,1;88‚
1147 2044 1189 2078 4ς
1212 2044 1284 2082 103,
1306 2042 1336 2073 2.

993 2088 1022 2119 2.
1055 2089 1090 2119 in
1110 2089 1301 2130 provincia:
1323 2102 1345 2114 =
1367 2089 1403 2118 in
1427 2088 1616 2128 provinciae

946 2143 987 2165 ea
1002 2136 1109 2176 pat-te,
1127 2143 1210 2174 quae
1227 2139 1309 2172 etc.;
1338 2133 1404 2173 vgl.
1423 2131 1483 2174 Ep.
1505 2131 1613 2174 Pomp.

947 2179 967 2210 9
986 2190 1016 2210 u.
1035 2179 1102 2210 Cic.
1123 2189 1151 2220 p.
1169 2178 1242 2210 Mil.
1262 2178 1292 2216 3,
1315 2178 1331 2207 7
1360 2180 1437 2209 ante
1455 2187 1555 2219 qnam
1571 2176 1618 2209 od

946 2235 1020 2256 eam
1038 2225 1221 2256 orationem
1240 2224 1342 2263 venio,
1371 2233 1454 2264 quae
1469 2225 1520 2254 est
1532 2232 1614 2265 pro—

944 2272 1022 2312 pria
1038 2272 1166 2301 vestrae
1181 2269 1394 2310 quaestionis.

994 2315 1025 2346 4.
1050 2314 1090 2346 de
1123 2313 1225 2346 Mass.
1260 2324 1361 2344 nece:
1405 2313 1524 2355 gehiirt
1554 2323 1615 2344 un-

947 2359 1123 2391 mittelbar
1146 2370 1187 2390 zu
1215 2358 1396 2398 iudicimn;
1425 2368 1487 2390 zur
1509 2357 1613 2391 Sache

951 2417 978 2438 c.
998 2405 1050 2436 35.

995 2451 1025 2482 5.
1051 2460 1124 2481 cum
1144 2450 1278 2491 ingenio
1305 2451 1338 2480 in
1338 2448 1413 2491 fido
1438 2453 1502 2481 etc.
1521 2463 1543 2475 =
1557 2451 1615 2490 qui
1631 2474 1644 2486 0

949 2505 1024 2527 cum
1043 2496 1178 2536 ingenio
1197 2494 1322 2538 infidus
1343 2496 1420 2526 erat
1447 2497 1518 2526 tum
1545 2504 1613 2526 me-

949 2541 1069 2572 tuebat.

992 2595 1054 2627 per
1069 2584 1292 2617 condiciones:
1309 2596 1350 2617 zu
1367 2583 1440 2617 Cat.
1458 2585 1513 2625 51,
1531 2584 1583 2617 36.
