1720 2875
141 112 193 152 84
626 109 661 142 C.
687 109 895 142 SALLUSTI
923 108 1057 142 CRISPI

95 223 116 254 6
139 214 328 266 pitalium‚
350 213 493 264 quibus
514 216 765 263 praeceptum
786 216 882 259 erat,
903 213 1043 264 laqueo
1065 213 1193 263 gulam
1214 212 1375 264 fregere.
1406 213 1463 252 Ita
1484 213 1547 252 ille

142 271 328 323 patricius
350 283 395 308 ex
416 273 532 320 gente
552 268 780 307 clarissuma
802 269 1085 313 Corneliorum,
1108 269 1173 319 qui
1195 270 1398 309 consulare
1419 269 1547 321 impe-

141 327 245 366 rium
267 327 414 365 Romae
435 325 644 371 habuerat,
678 325 838 376 dignum
862 325 1037 364 moribus
1058 325 1250 375 factisque
1278 325 1358 364 suis
1388 326 1547 365 exitium

143 383 242 422 vitae
263 382 423 421 invenit.
454 381 508 420 De
529 381 698 432 Cethego
715 381 866 420 Statilio
885 381 1048 421 Gabinio
1066 382 1247 433 Caepario
1270 382 1410 420 eodem
1432 382 1548 421 modo

145 438 377 490 supplicium
400 444 600 489 sumptum
625 443 695 478 est.

68 507 122 542 5ss
254 494 356 533 Dum
377 507 421 533 ea
445 495 594 534 Romae
615 499 817 545 geruntur,
840 494 1004 533 Catilina
1026 507 1074 533 ex
1095 495 1200 533 omni
1223 494 1352 546 copia,
1375 506 1492 546 quam
1512 499 1552 533 et

141 552 225 603 ipse
246 551 462 590 adduxerat
485 557 522 590 et
541 550 708 590 Manlius
732 550 937 596 habuerat,
961 551 1056 590 duas
1077 551 1250 602 legiones
1272 550 1462 594 instituit,
1484 562 1551 589 co·

98 617 117 648 2
143 608 267 648 hortis
290 620 360 659 pro
383 620 551 647 numero
573 608 738 646 militum
761 608 950 658 complet;
979 608 1140 652 deinde,
1164 613 1206 646 ut
1227 608 1393 659 quisque
1414 607 1551 646 volun-

145 664 266 703 tarius
288 670 356 703 aut
377 677 423 703 ex
444 664 558 703 sociis
580 664 622 702 in
644 669 769 703 castra
792 670 964 708 venerat,
985 665 1196 714 aequaliter
1217 665 1488 712 distribuerat,
1509 676 1554 703 ac

142 721 251 760 brevi
271 721 396 772 spatio
418 721 591 771 legiones
622 732 788 759 numero
817 720 1025 759 hominum
1054 721 1294 772 expleverat,
1323 734 1412 760 cum
1441 719 1553 759 initio

101 786 120 817 3
145 789 228 817 non
249 777 418 828 amplius
440 776 594 816 duobus
616 777 772 816 milibus
794 776 1006 816 habuisset.
1054 777 1130 816 Sed
1152 791 1198 816 ex
1220 778 1326 816 omni
1347 777 1455 828 copia
1477 776 1555 815 cir-

146 834 242 873 citer
258 846 348 885 pars
365 839 500 885 quarta
513 840 596 872 erat
609 833 841 872 militaribus
853 834 971 872 armis
987 834 1196 879 instructa,
1213 834 1343 879 ceteri,
1357 839 1400 872 ut
1414 845 1555 885 quem-

146 903 222 942 que
237 903 352 929 easus
369 895 598 936 armaverat,
611 902 748 941 sparos
766 897 831 928 aut
848 890 1014 935 lanceaS,
1027 891 1088 929 alii
1102 897 1328 941 praeacutas
1340 890 1448 929 sudis
1461 901 1554 942 por-

99 959 117 990 4
145 946 295 986 tabant.
318 946 394 986 Sed
413 952 622 998 postquam
633 947 824 986 Antonius
842 959 929 986 cum
949 948 1117 986 exercitu
1136 946 1381 991 adventabat,
1395 947 1557 986 Catilina

144 1016 216 1056 per
236 1003 385 1042 montis
406 1003 479 1043 iter
501 1004 643 1049 facere,
667 1004 783 1042 modo
805 1004 849 1043 ad
873 1003 1009 1042 urbem
1035 1004 1151 1042 modo
1173 1004 1212 1042 in
1235 1004 1394 1042 Galliam
1417 1015 1556 1042 vorsus

144 1065 269 1099 castra
291 1072 469 1104 movere,
493 1061 673 1099 hostibus
695 1060 939 1099 occasionem
962 1060 1162 1111 pugnandi
1185 1072 1265 1098 non
1287 1060 1397 1098 dare:
1425 1071 1558 1111 spera-

143 1117 209 1156 bat
230 1129 353 1168 prope
375 1117 479 1155 diem
502 1129 664 1167 magnas
687 1117 816 1167 copias
839 1129 926 1155 sese
952 1116 1200 1161 habiturum,
1230 1116 1262 1154 si
1285 1116 1431 1155 Romae
1461 1115 1559 1155 socii

100 1184 119 1215 5
145 1173 299 1225 incepta
323 1174 595 1224 patravissent.
630 1172 780 1211 Interea
803 1173 959 1211 servitia
981 1172 1223 1224 repudiabat,
1247 1172 1357 1212 cuius
1378 1172 1489 1211 initio
1510 1172 1559 1212 ad

149 1243 240 1269 eum
263 1242 427 1280 magnae
449 1230 582 1281 copiae
605 1229 909 1273 concurrebant,
938 1229 1077 1280 opibus
1110 1229 1393 1268 coniurationis
1423 1229 1559 1276 fretus,

131 1286 265 1325 ‘simul
287 1286 456 1325 alienum
479 1286 561 1324 suis
581 1285 803 1325 rationibus
825 1285 1065 1325 existumans
1088 1286 1208 1325 videri
1230 1298 1385 1325 causam
1418 1285 1560 1325 civium

80 1350 129 1385 57
152 1355 243 1382 cum
265 1343 386 1382 servis
408 1342 580 1392 fugitivis
613 1342 976 1382 communicavisse.
1022 1342 1099 1381 Sed
1125 1349 1332 1394 postquam
1364 1342 1403 1380 in
1433 1348 1560 1381 castra

151 1399 317 1439 nuntius
338 1399 527 1450 pervenit,
550 1398 696 1437 Romae
718 1399 1029 1438 coniurationem
1050 1400 1300 1450 patefactam,
1324 1400 1372 1438 de
1393 1398 1560 1438 Lentulo

151 1461 190 1495 et
210 1456 377 1506 Cethego
399 1455 618 1506 ceterisque
633 1486 642 1502 ,
674 1468 773 1507 quos
801 1469 916 1507 supra
940 1456 1174 1502 memoravi,
1196 1456 1428 1507 supplicium
1451 1467 1561 1494 sum-

151 1518 278 1564 ptum,
301 1512 486 1564 plerique,
509 1524 606 1563 quos
629 1512 676 1551 ad
693 1512 837 1551 bellum
856 1525 943 1563 spes
959 1512 1186 1564 rapinarum
1204 1518 1270 1551 aut
1287 1524 1478 1552 novarum
1495 1523 1560 1551 re-

153 1603 267 1636 Wenn
287 1603 341 1635 die
358 1602 482 1635 'Worte
500 1603 576 1634 echt
594 1603 680 1641 sind,
699 1613 735 1634 so
754 1607 822 1634 ste-

942 1603 972 1634 2.
1009 1604 1128 1634 sociis.-
1151 1603 1293 1635 niimlich
1310 1604 1564 1644 coniurationia,

149 1649 215 1681 hen
232 1649 278 1681 sie
293 1648 549 1690 euphemistisch
564 1648 618 1679 liir
629 1648 823 1690 carnifices,-

894 1649 960 1680 wie
977 1647 997 1690 ξ
1016 1651 1051 1687 43
1082 1648 1204 1681 daraus
1231 1649 1361 1680 erkliirt
1390 1649 1462 1680 sich
1478 1648 1564 1680 auch

151 1694 245 1726 diese
263 1704 375 1725 wart-n
399 1696 490 1726 servi
507 1693 640 1736 publici,
658 1694 719 1725 den
741 1696 824 1725 ires-

151 1741 219 1771 viri
233 1741 332 1781 capit.
351 1739 436 1779 (zu§
454 1739 484 1777 1)
502 1739 716 1778 untergeben.
743 1738 822 1770 Sind

152 1785 233 1816 aber
243 1784 323 1822 jene
337 1783 472 1823 VVorte,
487 1784 554 1815 wie
562 1784 698 1816 Dietsch
709 1784 824 1823 meint,

152 1830 293 1868 unecht,
311 1840 347 1861 so
367 1829 412 1861 ist
429 1830 487 1860 das
506 1829 597 1868 Subj.
624 1839 663 1860 zu
687 1829 825 1870 fregere

152 1874 185 1906 in
205 1875 278 1905 dem
295 1874 374 1906 Satz
391 1875 511 1916 quibus
526 1884 639 1917 praec.
659 1877 731 1906 erat
749 1879 825 1906 ent-

156 1920 283 1951 halten.

198 1959 263 1996 56.
301 1965 327 1996 1.
363 1963 449 1996 duas
466 1964 629 2006 legiones:
647 1964 742 1996 Zwei
760 1963 825 1996 Le-

153 2010 274 2051 gionen
295 2008 408 2041 ffihrte
424 2011 509 2041 auch
525 2010 580 2041 ein
598 2009 739 2049 Consu13
758 2010 824 2041 wie

153 2055 207 2087 ein
225 2055 360 2087 solcher
383 2055 502 2086 wollte
525 2055 626 2087 Catil.
644 2054 823 2087 austreten.

198 2101 347 2133 cohortis
364 2105 426 2132 etc.
454 2100 500 2132 Er
519 2100 642 2132 bildete
660 2100 715 2132 die
733 2100 825 2132 volle

155 2145 239 2177 Zahl
257 2156 321 2177 von
345 2147 383 2177 10
402 2145 570 2177 Cohorten
589 2145 651 2177 auf
670 2146 744 2177 eine
763 2145 826 2177 Le-

154 2191 244 2232 gion,
275 2191 339 2222 wie
368 2191 468 2223 sehon
499 2194 562 2233 teg.
593 2193 742 2222 instituit
771 2192 826 2223 be-

154 2237 320 2276 zeichnet,
347 2236 462 2268 stellte
486 2236 568 2268 aber
596 2237 627 2268 in
656 2236 735 2277 jede
765 2236 827 2268 Co-

154 2282 251 2313 horte
269 2292 332 2313 nur
348 2292 385 2313 so
400 2281 470 2314 viel
487 2281 602 2321 Manu,
632 2282 683 2313 als
708 2291 743 2313 es
772 2282 826 2314 die

156 2327 370 2358 vorhandene
387 2326 471 2359 Zabl
501 2327 638 2368 zuliel's,
667 2327 740 2358 also
769 2337 827 2358 an-

156 2371 252 2413 saugs
272 2372 323 2404 bei
342 2372 429 2404 2000
449 2372 545 2404 Manu
564 2377 650 2404 etwa
673 2375 733 2405 100
751 2372 779 2403 d.
802 2372 824 2403 i.

155 2417 218 2449 deu
249 2419 403 2449 sechsten
433 2416 531 2449 Theil
567 2418 626 2450 der
656 2418 826 2449 normalen

157 2462 290 2494 St'zirke.
319 2462 375 2493 Bei
393 2462 452 2494 dei·
469 2463 609 2495 weitern
628 2463 828 2504 Erganzung

156 2507 327 2539 behielten
357 2507 410 2539 die
429 2508 595 2540 Cohorten
625 2514 726 2540 unter
755 2508 826 2540 sich

156 2552 287 2593 gleiche
304 2552 436 2584 Stat-ke.

894 1693 1111 1725 voluntarius.

940 1738 1174 1771 distribuerat:
1197 1737 1327 1779 Wegen
1345 1739 1403 1770 des
1419 1737 1562 1780 Tempus

897 1795 937 1816 zu
955 1785 1008 1824 24,
1029 1786 1057 1817 1.

943 1829 974 1861 3.
999 1829 1060 1861 alii
1075 1834 1157 1861 etc.:
1177 1829 1312 1869 „einige
1328 1830 1411 1860 auch
1430 1830 1523 1860 nur“.

942 1875 972 1905 4.
1008 1877 1181 1917 postquam
1197 1899 1204 1906 .
1225 1900 1230 1905 .
1250 1898 1257 1905 .
1275 1873 1489 1906 adventabat:
1522 1884 1565 1905 zu

897 1920 927 1958 6,
946 1922 974 1951 3.
993 1930 1076 1961 ganz
1099 1930 1136 1950 so
1156 1918 1221 1959 lug.
1253 1919 1307 1960 28,
1336 1920 1373 1959 23
1402 1920 1464 1951 mit
1492 1918 1564 1951 dem

897 1965 988 2007 Subj.
1012 1964 1161 2004 dieslug.
1182 1965 1236 2004 3⁴5,
1253 1965 1290 2003 43
1320 1966 1381 1997 mit
1408 1965 1470 1997 ubi
1494 1964 1564 2006 lug.

898 2012 952 2050 99,
976 2013 1006 2050 13
1023 2010 1202 2042 adventare
1214 2009 1316 2042 heil'st
1333 2010 1399 2051 „im
1417 2010 1566 2051 Anzuge,

899 2056 940 2087 im
960 2056 1164 2088 Auiuarsche
1182 2056 1296 2095 sein“;
1315 2056 1418 2087 daher
1434 2055 1566 2087 iiberall

897 2101 955 2133 das
973 2100 1102 2143 imperf.
1131 2100 1173 2132 So
1191 2101 1274 2133 auch
1290 2100 1354 2142 lug.
1371 2102 1422 2140 53,
1437 2101 1455 2132 7
1470 2103 1565 2144 post-

899 2157 999 2188 quam
1014 2145 1107 2178 haud
1118 2146 1238 2190 procul
1250 2149 1338 2178 inter·
1353 2157 1388 2177 se
1402 2148 1508 2179 erant.

944 2193 1119 2230 sperabat:
1136 2203 1176 2223 zu
1193 2194 1245 2231 60,
1261 2193 1290 2223 4.

946 2239 965 2269 5
995 2239 1268 2270 servitia-cuius.-
1281 2238 1356 2269 eine
1368 2235 1568 2268 auffallende

900 2283 1046 2319 Constr..
1075 2282 1158 2314 doch
1182 2283 1274 2315 nicht
1298 2282 1381 2313 ohne
1411 2281 1567 2323 Beispiel,

900 2329 963 2359 und
982 2328 1128 2359 dadurch
1147 2327 1345 2367 erklfirlich,
1373 2328 1450 2359 dass
1475 2327 1568 2359 nieht

899 2383 939 2405 an
957 2373 1110 2404 einzelue
1127 2373 1281 2412 Sclaven,
1299 2373 1442 2405 sondern
1456 2382 1496 2404 an
1514 2371 1568 2404 die

899 2428 1002 2459 ganze
1034 2417 1181 2459 Gattung
1207 2418 1348 2459 gedacht
1382 2418 1468 2449 wird
1502 2416 1568 2448 und

900 2463 971 2494 dies
1004 2463 1077 2494 hier
1109 2463 1211 2495 durch
1243 2466 1341 2495 cuius
1371 2464 1405 2503 (=
1434 2463 1567 2502 πονου)

901 2508 1175 2549 hei-vorgehoben
1213 2510 1346 2540 werden
1376 2508 1454 2540 soll.
1492 2507 1568 2539 Liv.

901 2553 954 2594 42,
989 2554 1007 2585 8
1040 2554 1225 2596 bonaque
1255 2557 1291 2586 ut
1322 2555 1383 2593 iix,
1415 2552 1571 2595 quicquid
