1720 2875
450 107 505 138 DE
530 106 671 139 BELLO
695 105 896 139 IUGURTH.
944 106 978 138 C.
1005 107 1147 138 54-55,
1426 109 1504 146 157

101 209 262 248 fendere
291 208 536 259 nequiverat,
565 208 606 247 in
634 207 767 247 alienis
793 207 940 246 bellum
969 220 1114 258 gerere.
1154 208 1303 247 Tamen
1331 221 1377 246 ex
1398 208 1507 259 copia
1532 220 1552 252 9

103 265 207 316 quod
231 271 436 316 optumum
457 264 658 304 videbatur
678 264 886 303 consilium
904 264 1021 315 capit:
1045 264 1257 304 exercitum
1274 264 1506 315 plerumque

101 320 141 359 in
162 321 285 360 isdem
307 322 399 360 locis
420 320 590 372 opperiri
611 319 719 358 iubet
727 332 738 366 ,⁰
764 320 846 371 ipse
868 332 954 358 cum
979 321 1134 359 delectis
1157 321 1350 371 equitibus
1370 320 1507 359 Metel-

100 377 181 416 lum
213 378 412 429 sequitur3
439 376 639 415 nocturnis
668 381 706 414 et
730 376 819 415 aviis
846 376 1052 415 itineribus
1082 377 1279 428 ignoratus
1307 377 1505 416 Romanos

99 433 266 485 palantis
296 439 458 484 repente
487 433 722 483 aggreditur.
775 432 922 470 Eorum
949 432 1123 484 plerique
1151 433 1321 472 inernies
1351 433 1506 480 cadunt,
1534 443 1572 474 10

103 490 215 528 multi
237 490 460 541 capiuntur,
504 501 622 527 nemo
652 489 826 527 omnium
847 488 1018 527 intactus
1039 490 1229 540 profugit,
1261 496 1297 528 et
1318 489 1507 528 Numidae

103 546 210 597 prius
233 558 348 597 quam
370 558 416 584 ex
436 544 573 583 castris
595 544 878 591 subveniretur,
899 545 1013 584 sicuti
1033 545 1126 584 iussi
1148 550 1278 592 erant,
1297 546 1338 584 in
1359 558 1507 597 proxu-

101 614 187 640 mos
209 602 314 640 collis
336 601 552 640 discedunt.

210 658 368 696 Interim
390 657 536 696 Romae
564 657 746 707 gaudium
773 657 910 707 ingens
937 664 1066 696 ortum
1089 657 1253 708 cognitis
1275 658 1418 696 Metelli
1437 670 1501 697 re-
1523 663 1573 698 55

99 714 185 760 bus,
208 719 249 752 ut
269 726 388 764 seque
411 719 449 752 et
470 714 684 752 exercitum
706 725 814 752 more
832 714 1022 752 maiorum
1039 720 1201 763 gereret,
1219 719 1263 752 ut
1282 714 1323 752 in
1339 714 1505 753 advorso

99 770 184 809 loco
206 770 328 809 victor
347 776 482 809 tamen
501 770 643 808 virtute
664 770 819 814 fuisset,
841 770 1011 809 hostium
1035 783 1125 821 agro
1142 770 1347 820 potiretur,
1368 770 1507 821 Iugur-

100 827 219 872 tham,
242 826 492 877 magnificum
513 839 558 865 ex
578 825 706 864 Albini
727 826 924 871 socordia,
947 839 1058 877 spem
1079 827 1213 865 salutis
1233 827 1276 864 in
1296 827 1506 865 solitudine

100 888 165 921 aut
186 883 274 932 fuga
296 883 484 932 coegisset
504 882 658 921 habere.
700 882 834 933 Itaque
854 888 1014 921 senatus
1036 882 1085 921 ob
1103 895 1147 922 ea
1163 882 1326 921 feliciter
1342 888 1426 921 acta
1447 883 1505 922 dis
1531 891 1550 923 2

99 938 372 978 inmortalibus
392 939 580 990 supplicia
602 939 829 982 decernere,
858 939 988 977 civitas
1015 939 1166 989 trepida
1197 944 1311 977 antea
1339 945 1378 977 et
1398 939 1506 977 solli-

99 995 171 1034 cita
192 995 240 1034 de
260 995 349 1034 belli
370 1002 514 1034 eventu
534 996 633 1034 laeta
655 1007 783 1046 agere,
814 995 861 1033 de
880 995 1032 1033 Metello
1063 998 1163 1034 fama
1189 996 1386 1046 praeclara
1409 1007 1506 1034 esse.

211 1051 334 1102 Igitur
354 1065 398 1090 eo
422 1052 608 1090 intentior
629 1052 675 1090 ad
697 1051 896 1090 victoriam
921 1051 1012 1097 niti3
1043 1051 1227 1090 omnibus
1249 1051 1376 1090 modis
1395 1052 1506 1090 festi-
1532 1060 1550 1091 3

99 1119 214 1153 nare,
245 1120 378 1146 cavere
398 1113 530 1147 tamen
546 1137 554 1153 ‚
576 1108 716 1147 necubi
737 1108 839 1146 hosti
859 1114 1100 1159 opportunus
1121 1108 1251 1146 fieret:
1281 1107 1508 1147 meminisse

98 1169 188 1215 post
217 1164 377 1214 gloriam
405 1164 587 1203 invidiam
607 1164 736 1215 {sequi
779 1164 834 1202 Ita
864 1177 941 1215 quo
970 1164 1126 1211 clarior,
1153 1177 1197 1203 eo
1221 1165 1339 1214 magis
1362 1164 1500 1203 anxius
1532 1175 1553 1205 4

99 1226 198 1265 erat,
216 1232 344 1271 neque
365 1226 452 1271 post
471 1220 629 1259 insidias
646 1221 855 1270 Iugurthae
876 1221 998 1259 effuso
1021 1220 1192 1259 exercitu
1212 1221 1411 1271 praedari3
1438 1220 1507 1259 ubi

98 1276 295 1315 frumento
312 1282 378 1316 aut
393 1277 533 1327 pabulo
551 1289 647 1327 opus
665 1277 949 1321 erat,eohortes
966 1289 1056 1315 curn
1073 1277 1179 1316 omni
1197 1277 1374 1327 equitatu
1391 1289 1503 1327 prae-

99 1332 240 1371 sidium
261 1332 473 1382 agitabant3
495 1333 686 1371 exercitus
703 1339 852 1384 partem
869 1333 962 1384 ipse,
980 1333 1151 1384 reliquos
1167 1332 1309 1372 Marius
1327 1333 1504 1372 ducebat.

98 1387 175 1426 Sed
195 1388 274 1438 igni
296 1389 416 1439 magis
439 1401 554 1439 quam
576 1390 716 1440 praeda
739 1401 829 1439 ager
845 1389 1078 1428 vastabatur.
1110 1390 1270 1429 Duobus
1286 1389 1379 1428 locis
1397 1389 1500 1428 haud
1519 1396 1571 1429 5.6

95 1444 209 1495 longe
229 1445 333 1484 inter
352 1457 394 1483 se
415 1451 537 1484 castra
558 1445 766 1491 faciehant3
791 1445 854 1484 ubi
875 1446 909 1484 vi
931 1458 1028 1496 opus
1050 1451 1150 1495 erat,
1173 1446 1303 1484 cuncti
1323 1446 1498 1491 aderant,
1525 1454 1543 1484 7

97 1506 280 1546 ceterum,
298 1513 374 1552 quo
392 1501 480 1551 fuga
496 1507 612 1553 atque
627 1501 796 1540 formido
812 1502 928 1541 latius
945 1507 1148 1548 cresceret,
1165 1502 1308 1541 divorsi
1326 1502 1503 1553 agebant.

96 1556 153 1595 Eo
174 1562 352 1608 tempore
372 1557 558 1607 Iugurtha
580 1570 648 1609 per
663 1558 774 1597 *collis
796 1558 917 1608 sequi,
939 1563 1094 1609 tempus
1116 1564 1183 1597 aut
1201 1559 1329 1597 locum
1351 1571 1503 1609 pugnae
1529 1568 1549 1600 8

97 1625 300 1663 quaerere,
322 1626 398 1664 qua
419 1620 629 1653 venturum
649 1614 803 1653 hostem
825 1615 1018 1660 audierat,
1045 1614 1233 1665 pabulum
1254 1620 1292 1653 et
1312 1627 1503 1666 aquarum

835 1705 917 1746 lung
933 1706 991 1737 der
1004 1705 1123 1737 Arbeit.
1135 1705 1201 1737 und
1214 1706 1274 1737 der
1287 1705 1501 1738 offentlichen

837 1749 1026 1782 Geschiifte.

880 1795 985 1827 laeta.-
1008 1796 1059 1827 als
1076 1795 1271 1828 Nominativ
1293 1806 1334 1827 zu
1352 1795 1502 1834 nehmen,

835 1842 900 1873 wie
924 1842 944 1882 ᾗ
962 1841 980 1871 7
1006 1840 1144 1881 divorsi,
1167 1840 1223 1872 Or.
1247 1840 1326 1882 Lep.
1345 1841 1364 1871 2
1391 1840 1502 1881 liberi,

836 1886 892 1918 Or.
902 1885 988 1917 Cott.
998 1887 1188 1928 *lprz‘vatag
1197 1886 1311 1917 ebend.
1321 1887 1340 1917 5
1348 1887 1503 1927 ἐπίεζεν,-

836 1931 905 1972 vgl.
928 1932 1012 1963 auch
1029 1931 1114 1962 Hist.
1135 1930 1254 1971 fragm.
1276 1931 1302 1971 l,
1321 1931 1362 1962 63
1381 1929 1440 1962 ΗΡ.
1459 1931 1501 1963 69

835 1976 866 2007 k.
881 1979 918 2007 A.
928 1976 1120 2019 Antipodas
1133 1976 1226 2008 ultra
1234 1977 1447 2019 Aethiopiam
1456 2000 1463 2007 .
1473 1999 1481 2006 .
1494 2000 1500 2006 .

834 2024 942 2053 iustos
967 2024 998 2052 et
1025 2023 1181 2063 egregios
1206 2031 1324 2062 αξξ-ενα,
1354 2021 1436 2052 eben
1464 2030 1501 2052 so

834 2067 894 2098 mit
909 2068 1045 2107 agitare
1062 2067 1115 2104 74,
1137 2067 1164 2097 1.

879 2113 909 2143 4.
936 2111 1079 2143 clarior:
1101 2112 1162 2143 Die
1185 2111 1368 2143 Handschr.
1394 2110 1501 2142 haben

95 1703 274 1746 defendere
295 1703 361 1736 und
385 1703 508 1736 bellum
530 1715 653 1746 gerere
676 1705 763 1746 liegt

95 1749 148 1780 ein
171 1748 322 1781 scharfer
344 1749 544 1790 Gegensatz,
570 1750 680 1782 indem
705 1751 763 1782 das

94 1794 247 1833 letztere,
265 1795 331 1827 wie
348 1796 422 1826 sich
438 1805 498 1827 aus
515 1797 609 1838 sequi
625 1796 764 1837 cogeba-

95 1842 152 1871 tm·
174 1840 240 1871 und
257 1850 316 1871 aus
335 1840 352 1881 ξ
371 1841 390 1871 9
409 1840 549 1881 ergiebt‚
574 1841 634 1872 den
653 1841 764 1872 Offen-

94 1884 244 1925 sivkrieg
260 1885 427 1918 hedentet.

140 1930 171 1960 9.
197 1941 244 1961 eze
260 1932 373 1973 copia:
390 1942 431 1962 zu
450 1930 504 1971 39,
523 1932 553 1962 5.

139 1975 176 2005 ia
198 1974 307 2006 isdem
330 1975 430 2007 locis:
457 1990 503 2002 ==
529 1986 594 2007 non
618 1977 764 2007 mutatis

95 2018 186 2051 loeis.

134 2064 304 2107 palantis:
321 2075 361 2097 zu
383 2065 432 2105 18,
451 2066 480 2098 2.

142 2110 192 2143 10.
230 2112 393 2142 intactus:
425 2110 674 2152 ,‚ungetroffen,
702 2121 763 2141 uu-

94 2155 316 2187 verwundet“
334 2156 400 2187 wie
418 2157 472 2197 67,
491 2157 520 2188 3.

140 2195 205 2231 55.
242 2202 269 2231 1.
296 2202 331 2231 z'n
348 2201 486 2233 advorso
509 2201 596 2233 loco:
620 2201 761 2233 vertritt

95 2244 192 2277 einen
209 2245 480 2278 Concessivsatz.
516 2248 559 2279 So
577 2246 652 2277 Liv.
675 2246 701 2285 1,
721 2246 759 2276 17

95 2290 131 2320 in
144 2291 250 2321 variis
262 2291 492 2324 voluntatibus
500 2293 641 2333 regnari
649 2294 760 2323 tamen

95 2343 206 2366 omnes
222 2335 370 2367 volebant
386 2338 461 2378 „bei
481 2337 568 2369 aller
586 2336 763 2369 Verschie-

96 2379 230 2412 denheit
249 2405 255 2411 .
276 2405 281 2410 .
300 2382 438 2413 wollten
457 2383 539 2414 doch
555 2382 623 2414 alle
640 2381 727 2414 etc.“

140 2425 386 2466 magnificum.-
405 2438 446 2458 zu
463 2428 517 2467 31,
540 2428 589 2459 10.

141 2469 170 2500 2.
188 2470 371 2512 supplicia:
388 2486 403 2497 =
418 2473 687 2515 supplicationes,
705 2472 762 2503 be-

95 2515 236 2546 stehend
265 2515 298 2546 in
327 2515 522 2549 feierlichen
549 2517 672 2559 Opferu
695 2517 760 2548 und

94 2558 284 2600 Aufziigen,
313 2561 505 2594 verbunden
528 2564 589 2594 mit
611 2562 761 2595 Einstel-

833 2156 959 2188 clarior
975 2159 1048 2188 erat
1064 2166 1101 2187 eo
1119 2160 1183 2188 etc.

877 2203 1023 2233 anoez'us:
1044 2201 1122 2233 Met.
1141 2200 1308 2233 ffirchtete
1326 2201 1388 2232 den
1399 2200 1503 2232 Ruhm

833 2247 939 2278 durch
971 2247 1088 2287 irgend
1120 2245 1174 2277 ein
1203 2245 1430 2286 Misgeschick
1461 2256 1502 2277 zu

836 2292 1004 2323 verlieren
1029 2292 1094 2322 und
1119 2301 1190 2322 war
1208 2291 1344 2323 deshalb
1362 2291 1502 2333 „augst-

835 2337 904 2369 lich
921 2336 1144 2377 vorsichtig“.

876 2384 952 2423 post
968 2380 1129 2412 insidias:
1149 2382 1213 2412 seit
1229 2381 1291 2412 den
1309 2381 1361 2422 54,
1379 2381 1399 2413 9
1413 2392 1443 2413 u.
1462 2382 1501 2414 10

835 2427 1008 2458 erziihlten
1039 2426 1289 2466 hinterlistigen
1317 2426 1500 2467 Angriffen.

836 2471 963 2512 Wegen
978 2474 1051 2513 post
1068 2471 1134 2512 vgl.
1152 2475 1194 2502 zu
1211 2472 1282 2503 Cat.
1299 2471 1352 2513 38,
1372 2472 1402 2503 3.

879 2519 908 2548 5.
931 2515 1076 2559 praeda:
1091 2532 1106 2543 =
1119 2516 1325 2559 praedando.

879 2561 909 2593 8.
937 2572 1091 2605 pugnae:
1124 2562 1248 2594 kiinnte
1281 2562 1383 2594 Dativ
1414 2561 1498 2601 sein,
