1720 2875
179 115 261 156 206
673 114 709 146 C.
733 113 945 147 SALLUSTI
970 113 1105 147 cmspl

178 217 336 264 ditibus,
357 228 457 268 quos
477 216 601 255 Volux
622 216 722 255 filius
743 216 826 256 eius
848 216 1061 255 adduxerat
1077 229 1206 268 neque
1226 217 1266 255 in
1287 217 1418 268 priore
1439 229 1583 269 pugna,

180 274 220 313 in
235 274 376 313 itinere
393 272 546 317 morati,
565 273 784 317 adsuerant,
802 278 1045 324 postremam
1056 273 1328 312 Romanorum
1345 273 1468 313 aciem
1486 275 1598 313 inva-

134 339 154 370 6
181 331 291 370 dunt.
323 329 424 367 Tum
446 328 591 368 Marius
613 328 716 379 apud
738 329 886 379 primos
909 330 1058 380 agebat,
1092 330 1195 380 quod
1228 328 1282 368 ibi
1304 329 1487 380 [ugurtha
1509 342 1597 370 cum

182 385 374 438 plurumis
397 390 493 424 erat.
540 384 636 424 Dein
657 384 826 424 Numida
855 385 1010 436 cognito
1032 386 1173 425 Bocchi
1195 386 1367 424 adventu
1389 387 1486 425 clam
1508 398 1597 426 cum

181 442 316 494 paucis
337 442 382 480 ad
406 441 558 492 pedites
580 441 799 488 convortit3
821 441 873 480 ibi
890 442 1028 481 Latine
1046 465 1099 470 —
1116 454 1209 481 nam
1227 442 1327 493 apud
1346 442 1598 481 Numantiam

182 498 290 549 loqui
311 497 502 537 didicerat
516 520 571 524 --
589 498 778 536 exclamat
800 504 958 537 nostros
980 498 1122 537 frustra
1146 510 1319 549 pugnare
1338 511 1346 537 :
1371 498 1487 549 paulo
1510 504 1600 538 ante

182 554 348 594 Marium
372 567 440 593 sua
462 565 582 592 manu
603 554 878 593 interfectum:
896 554 1013 593 simul
1030 555 1200 605 gladium
1219 554 1410 604 sanguine
1432 555 1599 594 oblitum

182 611 409 657 ostendere,
432 622 549 661 quem
569 609 608 648 in
627 621 758 660 pugna
779 610 871 649 satis
888 610 1038 661 inpigre
1061 612 1188 650 occiso
1206 612 1336 662 pedite
1355 616 1491 650 nostro
1509 622 1601 650 cru-

136 672 153 702 7
182 671 394 706 entaverat.
427 666 540 712 Quod
563 666 629 705 ubi
653 666 794 706 milites
816 679 1014 717 accepere,
1037 668 1157 717 magis
1179 668 1380 707 atrocitate
1403 667 1458 706 rei
1481 679 1599 718 quam

181 723 257 762 fide
274 723 391 762 nunti
407 727 622 767 terrentur,
638 723 832 774 simulque
849 723 1006 762 barbari
1016 724 1170 763 animos
1188 725 1325 763 tollere
1336 729 1374 762 et
1387 723 1426 762 in
1444 724 1601 775 percul-

136 784 156 817 8
183 792 246 818 sos
268 779 469 818 Romanos
491 779 619 818 acrius
644 779 840 818 incedere.
884 780 1042 831 lamque
1066 784 1222 831 paulum
1254 793 1274 819 a
1307 780 1396 830 fuga
1425 779 1600 825 aberant,

182 848 272 875 cum
295 835 402 874 Sulla
423 835 639 886 profligatis
661 835 728 881 eis,
751 848 850 887 quos
872 836 1082 875 advorsum
1105 837 1214 881 ierat,
1237 836 1395 875 rediens
1413 835 1460 875 ab
1478 835 1601 875 latere

136 898 157 931 9
181 892 326 931 Mauris
347 891 524 930 incurrit.
575 892 754 930 Bocchus
782 892 914 931 statim
949 893 1152 931 avortitur.
1205 894 1251 931 At
1273 892 1475 942 Iugurtha,
1506 892 1600 931 dum

181 954 405 987 sustentare
426 960 520 987 suos
551 953 590 987 et
610 960 733 999 prope
763 949 837 987 iam
868 949 1044 999 adeptam
1068 949 1267 987 victoriam
1289 949 1459 987 retinere
1481 948 1600 999 cupit,

181 1005 474 1043 circumventus
497 1004 545 1043 ab
569 1004 779 1054 equitibus,
803 1005 961 1043 dextera
982 1006 1138 1044 sinistra
1152 1005 1338 1043 omuibus
1360 1004 1512 1049 occisis,
1534 1017 1600 1043 so-

117 1069 158 1101 10
182 1060 243 1100 lus
265 1061 367 1099 inter
383 1062 459 1099 tela
477 1061 652 1099 hostium
669 1061 909 1100 vitabundus
926 1061 1108 1112 erumpit.
1141 1061 1266 1112 Atque
1281 1060 1439 1099 interim
1457 1060 1602 1100 Marius

182 1117 326 1168 fugatis
348 1116 546 1168 equitibus
569 1117 739 1156 accurrit
759 1117 900 1156 auxilio
923 1116 1018 1164 suis,
1046 1130 1144 1168 quos
1175 1118 1265 1168 pelli
1286 1117 1361 1155 iam
1385 1122 1600 1167 acceperat.

116 1181 154 1215 11
182 1173 361 1223 Denique
381 1174 514 1211 hostes
532 1173 610 1211 iam
634 1173 811 1224 undique
827 1173 917 1212 fusi.
948 1174 1050 1212 Tum
1067 1175 1334 1224 spectaculum
1352 1173 1539 1211 horribile
1554 1172 1596 1211 in

186 1229 335 1280 campis
357 1229 605 1280 patentibus:
629 1229 740 1280 sequi
762 1229 910 1279 fugere,
934 1230 1058 1268 occidi
1079 1230 1180 1281 capi3
1203 1230 1293 1281 equi
1310 1234 1426 1280 atque
1445 1229 1516 1268 viri
1532 1229 1603 1268 ad-

184 1285 293 1330 ssicti,
311 1297 357 1323 ac
373 1285 486 1324 multi
503 1284 730 1324 volneribus
741 1285 910 1336 acceptis
921 1298 1052 1337 neque
1069 1286 1204 1336 fugere
1217 1298 1334 1336 posse
1343 1297 1473 1337 neque
1489 1284 1603 1337 quie-

184 1346 264 1380 tem
286 1341 378 1392 pati,
400 1342 474 1380 niti
495 1342 615 1380 modo
638 1353 681 1380 ac
701 1342 836 1380 statim
865 1342 1093 1389 concidere,
1124 1349 1325 1394 postremo
1348 1342 1494 1387 omnia,
1524 1354 1600 1393 qua

185 1397 292 1437 visus
313 1402 408 1444 erat,
430 1403 627 1437 constrata
650 1398 737 1436 telis
759 1398 880 1436 armis
902 1399 1170 1446 cadaveribus,
1199 1405 1239 1437 et
1267 1398 1372 1437 iuter
1391 1411 1434 1438 ea
1455 1398 1600 1437 humus

185 1453 328 1494 infecta
350 1454 552 1505 sanguiue.

91 1511 168 1550 102
302 1510 395 1549 Post
416 1523 459 1550 ea
480 1511 555 1549 loci
577 1510 716 1549 consul
735 1509 839 1549 haud
863 1509 980 1549 dubie
1011 1511 1086 1549 iam
1114 1510 1237 1550 victor
1257 1510 1433 1561 pervenit
1461 1509 1503 1549 in
1531 1522 1603 1562 op-

138 1574 158 1606 2
183 1567 318 1618 pidum
342 1567 499 1612 Cirtam,
531 1580 609 1618 quo
639 1566 750 1605 initio
781 1567 980 1617 profectus
1001 1566 1240 1606 intenderat.
1291 1566 1346 1605 Eo
1375 1572 1466 1617 post
1495 1566 1601 1605 diem

185 1622 382 1674 quintum,
399 1636 516 1675 quam
535 1623 680 1662 iterum
698 1623 852 1662 barbari
870 1624 967 1661 male
985 1628 1268 1675 pugnaverant,
1286 1622 1400 1674 legati
1419 1622 1601 1661 aBoccho

185 1679 361 1724 veniunt,
383 1679 450 1731 qui
471 1680 574 1730 regis
597 1679 723 1718 verbis
743 1679 790 1718 ab
811 1678 933 1718 Mario
955 1679 1138 1731 petivere,
1168 1679 1266 1718 duos
1292 1691 1409 1729 quam
1441 1678 1599 1718 fidissu—

185 1748 272 1775 mos
295 1736 342 1775 ad
365 1749 457 1775 eum
479 1737 678 1775 mitteret:
710 1736 804 1775 velle
831 1735 878 1774 de
908 1748 979 1775 suo
1009 1742 1049 1774 et
1070 1736 1118 1775 de
1145 1735 1280 1787 populi
1301 1735 1467 1774 Romani
1488 1746 1599 1774 com-

232 1836 261 1866 5.
280 1845 402 1876 neque.
424 1859 431 1866 .
448 1859 454 1867 .
469 1834 676 1877 adfuerant.-
689 1835 792 1873 zul4,
808 1834 856 1866 16.
977 1835 1007 1866 7.
1031 1844 1132 1877 qnam
1173 1833 1247 1876 fide
1285 1835 1402 1865 nzmtc‘:
1444 1834 1502 1866 Boi
1541 1835 1602 1866 der

228 1881 341 1922 priore
362 1890 499 1925 pngnq:
525 1879 585 1911 der
602 1891 629 1911 c.
650 1880 782 1911 97-99
801 1889 858 1920 ge·
930 1879 1221 1912 Schrecklichkeit
1239 1879 1298 1911 der
1307 1878 1479 1911 Botsehaft
1492 1879 1601 1911 selhst

185 1925 404 1957 schilderten.
930 1925 1072 1957 dachten
1089 1924 1138 1956 sie
1151 1934 1213 1964 gar
1227 1924 1319 1955 nicht
1330 1924 1446 1964 daran,
1464 1924 1529 1956 wie
1543 1934 1603 1966 ge-

231 1970 263 2002 6.
284 1968 428 2013 pedites:
446 1971 505 2001 das
524 1968 689 2001 Fussvolk
706 1969 762 2001 des
776 1969 858 2000 Boc·
931 1970 1007 2010 ring
1020 1968 1399 2009 dieGlaubwiirdigkeit
1408 1970 1527 2001 dessen
1540 1969 1602 2009 sei,

185 2015 278 2054 chus,
291 2015 438 2046 welcher
451 2015 513 2046 mit.
526 2015 599 2046 dem
613 2024 663 2045 am
679 2015 855 2046 weitesten
931 2016 991 2046 der
1029 2015 1077 2046 sie
1117 2015 1272 2053 brachte3
1311 2014 1360 2046 sie
1397 2014 1601 2046 eructu-alien

184 2070 251 2092 von
284 2059 414 2092 Marius
447 2058 637 2091 entfernten
671 2059 859 2092 romischeu
931 2060 1014 2099 also,
1045 2059 1126 2091 weil
1154 2060 1204 2092 sie
1230 2059 1284 2091 fiir
1305 2060 1370 2091 deu
1394 2059 1602 2100 Augenbliek

185 2103 352 2136 Fussvolk
385 2104 544 2146 kiimpfte.
593 2103 664 2136 Auf
692 2104 747 2136 die
776 2104 859 2136 Ein-
931 2105 1024 2137 mehr
1041 2105 1095 2136 die
1110 2105 1217 2137 Sache
1233 2104 1284 2136 als
1298 2104 1379 2136 eben
1389 2104 1468 2144 jone
1477 2102 1603 2137 Glaub—

185 2150 434 2191 schiichterung
447 2150 561 2182 dieser
575 2149 763 2188 Letzteren,
779 2150 860 2181 wel·
931 2150 1136 2191 wiirdigkeit
1154 2150 1184 2180 in
1203 2150 1361 2181 Betracht
1377 2158 1493 2189 zogen.

186 2195 245 2226 che
268 2195 322 2227 die
346 2195 418 2227 laut
439 2194 623 2235 gerufenen
642 2195 764 2227 Worte
780 2195 859 2226 hb'r—
977 2196 1008 2228 9.
1033 2194 1250 2227 vitabundus.-
1292 2198 1414 2234 „unter
1457 2194 1604 2227 auswei-

185 2244 255 2279 ten,
280 2250 394 2272 waren
413 2241 585 2272 dieselhen
606 2241 797 2272 bereclmet.
815 2258 859 2263 ——
931 2241 1079 2273 chendeu
1097 2240 1325 2279 Bewegungen
1343 2240 1401 2271 des
1416 2237 1601 2282 Korpers“.

186 2284 245 2318 Um
268 2285 404 2316 dorthin
422 2296 463 2316 zu
478 2285 627 2317 koininen
645 2285 764 2316 umritt
781 2285 856 2325 Jug.
980 2286 1031 2318 11.
1054 2287 1144 2328 pati:
1159 2285 1277 2316 histor.
1296 2283 1388 2316 infin.

186 2330 467 2362 wahrscheinlich
513 2330 568 2362 die
620 2330 713 2362 linke
754 2329 860 2361 Front
976 2332 1059 2362 niti:
1079 2329 1175 2362 niiml.
1193 2331 1230 2360 ut
1246 2332 1436 2371 surgerent.

186 2375 244 2405 des
269 2375 456 2407 romischen
475 2375 596 2416 Zuges,
621 2385 684 2413 wc,
709 2375 775 2407 wie
797 2375 858 2407 das
981 2370 1070 2407 102.
1099 2377 1126 2408 1.
1153 2385 1192 2406 ea
1209 2374 1286 2405 loci:
1305 2385 1345 2406 zu
1364 2375 1416 2415 63,
1436 2374 1466 2406 6.

187 2419 540 2459 SchweigenSallusts
549 2421 745 2452 vermuthen
762 2420 857 2459 liisst,
977 2420 1006 2452 2.
1032 2421 1124 2461 regis
1143 2420 1267 2452 verbis:
1285 2430 1326 2450 zu
1344 2420 1396 2455 21,
1416 2421 1447 2451 4.

187 2464 247 2495 der
264 2463 451 2506 Kampsam
470 2465 658 2506 wenigsten
675 2464 782 2505 heftig
798 2475 858 2505 ge·
975 2475 1051 2496 suo:
1080 2464 1140 2496 aul'
1162 2465 1310 2496 Bocchus
1339 2465 1497 2503 bezogen.
1539 2464 1600 2496 Die

185 2518 298 2540 wesen
316 2520 358 2540 zu
373 2511 446 2542 sein
465 2511 605 2543 scheint.
930 2509 1176 2550 Ankiindiguug
1192 2510 1293 2541 sollte
1310 2510 1365 2542 die
1377 2510 1533 2550 Meiuuug
1547 2520 1600 2541 or-

230 2553 337 2596 pedite
352 2558 483 2587 nostro:
501 2555 671 2588 collectiv.
930 2555 1078 2597 weeken,
1102 2556 1178 2586 dass
1197 2555 1250 2586 die
1268 2554 1530 2595 beiderseitigen
1547 2553 1599 2586 ln-
