1720 2875
145 114 227 154 104
634 114 669 145 C.
696 111 907 145 SALLUSTl
932 112 1065 145 CRISPl

142 228 188 254 ex
208 215 284 254 illis
309 221 411 259 erat,
434 220 573 252 natura
596 214 708 252 ferox
731 219 769 252 et
790 214 867 252 iam
890 220 1005 253 antea
1035 214 1316 264 ignobilitatem
1338 216 1560 267 Iugurthae,

141 272 230 322 quia
253 278 430 310 materno
452 282 597 320 genere
616 270 731 321 inpar
751 277 846 315 erat,
869 270 1102 321 despiciens,
1123 270 1282 310 dextera
1297 272 1557 312 Adherbalem

139 328 304 372 adsedit,
334 338 384 365 ne
405 326 560 364 medius
584 339 630 365 ex
651 326 797 373 tribus,
829 327 932 378 quod
955 327 1055 377 apud
1073 326 1261 366 Numidas
1283 327 1422 367 honori
1445 329 1557 368 duci-

95 390 116 421 4
140 389 218 428 tur,
241 383 427 432 Iugurtha
448 382 562 421 foret.
593 382 691 421 Dein
715 388 862 426 tamen,
885 390 926 421 ut
944 383 1059 422 aetati
1083 384 1315 422 concederet
1336 384 1516 434 fatigatus
1537 398 1558 424 a

93 447 111 477 5
138 442 270 487 fratre,
293 438 355 476 vix
378 438 419 476 in
441 445 592 489 partem
614 440 776 478 alteram
800 439 1052 478 transductus
1074 446 1144 478 est.
1176 439 1231 478 Ibi
1254 452 1344 479 cum
1367 440 1488 480 multa
1511 442 1561 480 de

136 494 453 534 administrando
475 495 642 546 imperio
664 495 918 540 dissererent,
941 495 1124 545 lugurtha
1148 496 1251 534 inter
1273 497 1365 535 alias
1386 509 1449 535 res
1471 497 1560 536 iacit

137 558 320 602 oportere
336 550 585 602 quinquenni
602 552 782 590 consulta
798 556 835 589 et
850 551 1004 590 decreta
1019 552 1149 590 omnia
1164 552 1356 591 rescindi:
1380 565 1470 591 nam
1488 565 1559 604 per

137 620 181 646 ea
204 613 381 658 tempora
405 608 629 646 confectum
661 607 777 646 annis
808 606 1009 657 Micipsam
1040 620 1181 658 parum
1213 609 1347 647 animo
1379 609 1558 648 valuisse.

91 668 110 700 6
137 663 239 702 Tum
277 663 380 702 ide-m
410 663 611 714 Hiempsal
647 664 802 714 placere
829 662 905 701 sibi
925 664 1151 714 respondit:
1184 676 1274 703 nam
1298 665 1427 716 ipsum
1448 665 1559 704 illum

90 725 107 755 7
134 718 260 758 trihus
282 719 486 770 proxumis
507 719 621 758 annis
644 718 894 770 adoptatione
915 719 955 757 in
981 731 1148 769 regnum
1172 721 1412 771 pervenisse.
1446 718 1559 768 Quod

136 775 302 814 verbum
326 776 366 814 in
383 781 522 826 pectus
541 776 754 826 lugurthae
769 775 884 814 altius
903 788 1019 826 quam
1038 775 1245 827 quisquam
1264 782 1371 816 ratus
1389 784 1472 817 erat
1489 778 1559 817 de-

91 838 110 868 8
136 832 300 871 scendit.
352 832 487 883 ltaque
505 844 551 870 ex
574 844 619 871 eo
652 838 830 883 tempore
851 832 906 870 ira
929 838 967 870 et
989 839 1095 871 metu
1117 833 1256 871 anxius
1276 834 1404 872 moliri
1425 846 1563 884 parare

137 894 256 939 atque
278 900 322 927 ea
345 888 462 927 modo
484 901 575 927 cum
599 888 730 927 animo
753 887 911 934 habere,
946 889 1090 939 quibus
1113 889 1309 939 Hiempsal
1332 902 1401 940 per
1423 890 1557 929 dolum

93 950 113 981 9
139 950 358 995 caperetur.
410 945 518 991 Quae
551 944 617 984 ubi
654 945 803 983 tardius
833 945 1054 995 procedunt
1082 957 1212 996 neque
1234 945 1382 984 lenitur
1402 946 1561 985 animus

141 1003 263 1046 ferox,
286 1001 424 1040 statuit
446 1001 584 1052 quovis
606 1002 724 1040 niodo
747 1001 948 1051 inceptum
972 1002 1171 1052 perficere.

74 1055 122 1092 12
258 1056 391 1096 Primo
414 1064 624 1101 conventu,
647 1070 765 1108 quem
788 1057 836 1095 ab
856 1058 999 1108 regulis
1022 1058 1167 1096 factum
1191 1070 1308 1108 supra
1333 1058 1560 1098 memoravi.

140 1119 302 1164 propter
324 1114 613 1152 dissensionem
635 1114 834 1164 placuerat
856 1113 973 1151 dividi
996 1113 1201 1152 thesauros
1230 1114 1398 1164 finisque
1420 1114 1561 1165 imperi

93 1174 113 1206 2
140 1169 303 1219 singulis
326 1170 522 1208 constitui.
570 1169 704 1220 ltaque
726 1177 882 1220 tempus
903 1170 948 1208 ad
973 1176 1182 1221 utramque
1203 1182 1287 1208 rem
1321 1170 1561 1216 decernitur,

111 1270 113 1272 ¹
141 1225 210 1264 sed
234 1225 427 1264 maturius
449 1226 494 1264 ad
512 1225 721 1276 pecuniam
741 1225 1065 1265 distribuendam.
1102 1226 1238 1277 Reguli
1254 1226 1405 1266 interea
1423 1227 1461 1266 in
1477 1227 1561 1266 loca

95 1287 115 1319 3
140 1281 364 1332 propinqua
385 1281 579 1321 thesauris
600 1282 697 1321 alius
719 1282 792 1320 alio
814 1293 1056 1320 concessere.
1099 1283 1176 1321 Sed
1201 1282 1401 1334 Hiempsal
1424 1283 1464 1322 in
1488 1295 1563 1335 op-

141 1337 232 1388 pido
256 1337 459 1376 Thirmida
481 1338 583 1376 forte
606 1338 690 1377 eius
712 1338 830 1376 domo
852 1338 1050 1384 utebatur,
1088 1339 1155 1390 qui
1191 1351 1410 1390 proxumus
1447 1339 1559 1379 lictor

140 1393 347 1444 Iugurthae
370 1406 482 1433 carus
506 1396 768 1446 acceptusque
790 1395 825 1433 ei
847 1407 1006 1446 semper
1026 1397 1174 1442 fuerat3
1209 1408 1326 1446 quem
1364 1395 1426 1434 ille
1466 1400 1561 1435 casu

142 1449 371 1490 ministrum
394 1450 568 1490 oblatum
590 1451 794 1502 promissis
817 1458 954 1490 onerat
983 1451 1230 1502 inpellitque,
1268 1452 1323 1491 uti
1356 1457 1559 1503 tamquam

183 1552 333 1585 adsedit.-
361 1559 457 1586 sonst
486 1554 539 1586 bei
563 1554 644 1586 Sall.
670 1565 732 1585 nur
755 1554 815 1586 ab-

140 1598 232 1631 solut
254 1599 450 1639 gebraucht.
483 1598 554 1631 Cat.
575 1600 631 1639 31,
650 1600 686 1639 7;
712 1601 763 1639 53,
786 1602 814 1632 1.

890 1553 1099 1586 wo'hnlicher
1126 1564 1239 1586 secum
1269 1554 1429 1593 volverem
1458 1564 1562 1598 repu-

888 1601 960 1630 tare
978 1609 1003 1630 c.
1021 1609 1053 1630 a.
1075 1598 1127 1638 13,
1145 1600 1176 1630 5.

185 1644 216 1675 4.
241 1645 434 1686 fatigatus:
451 1645 635 1687 :precibus
649 1646 816 1676 continuis

139 1691 332 1728 eoeercitus;
355 1691 406 1729 14,
425 1690 484 1728 203
503 1690 556 1730 73,
572 1690 612 1730 23
633 1692 707 1729 111,
725 1690 756 1721 3.

186 1735 263 1766 τίετε
300 1734 333 1765 in
372 1735 590 1767 eoncessiver
625 1734 815 1775 Beziehung

142 1789 215 1810 zum
240 1779 401 1810 Verbum:
435 1790 498 1819 „er
522 1781 654 1819 wurde,
680 1780 813 1811 obwohl

141 1824 204 1856 mit
221 1833 368 1863 genauer
385 1823 486 1863 Noth,
504 1824 699 1866 bcwogeffl.

187 1868 421 1901 transductus:
438 1885 459 1896 =
475 1868 684 1902 adductusut
699 1871 814 1901 traus-

142 1916 215 1946 iret.

187 1960 217 1991 6.
244 1959 375 1990 tribus:
406 1958 535 2000 VVegcn
561 1959 620 1991 der
637 1959 815 1992 Zeitrech-

144 2014 232 2045 nung
249 2004 318 2044 vgl.
337 2014 378 2035 zu
396 2005 428 2045 9,
446 2004 477 2035 3.

188 2049 219 2080 ἵ.
245 2049 400 2080 verbum:
430 2049 475 2081 ist
505 2050 538 2081 in
556 2049 669 2081 dieser
685 2050 814 2082 Bedeu-

142 2099 225 2135 tung
243 2094 515 2135 „Aeul'serung²‘,
546 2100 642 2127 sonet
670 2106 733 2127 nur
762 2095 815 2127 bei

142 2139 203 2172 den
219 2137 403 2172 Komikern
420 2140 545 2171 iiblieh.

186 2187 286 2217 ratus
302 2187 377 2216 erat
389 2197 400 2216 .-
423 2184 490 2217 Das
508 2184 716 2227 Plusquamp.
735 2185 814 2217 dar-

143 2239 202 2261 aus
226 2240 267 2261 zu
293 2228 468 2271 erkliiren‚
497 2231 575 2262 dass
604 2231 687 2262 Sall.
718 2230 815 2262 dabei

143 2274 198 2306 die
228 2274 366 2316 spiitere
396 2275 475 2306 Zeit
503 2276 547 2307 im
577 2275 680 2308 Sinne
708 2276 815 2315 hatte,

142 2330 196 2350 wo
215 2320 288 2351 sich
306 2324 379 2352 erst
396 2320 519 2361 zeigte,
552 2321 618 2352 wie
648 2319 715 2353 tief
735 2321 815 2362 jene

142 2364 355 2405 Aeusserung
396 2365 458 2397 den
498 2367 574 2407 Jug.
615 2366 813 2398 verwundet

143 2409 237 2440 habe.

189 2454 219 2486 8.
268 2464 353 2485 cum.
396 2465 451 2486 an.
484 2456 623 2488 lzabere:
661 2455 813 2496 Analoge

144 2498 365 2538 W'enduugen
384 2500 458 2531 sind
477 2501 615 2533 trahere
637 2511 664 2532 c.
694 2511 727 2532 a.
757 2500 812 2541 93,

145 2546 181 2585 13
206 2543 330 2576 volvere
346 2555 372 2576 c.
390 2555 421 2576 a.
450 2545 480 2584 6,
500 2545 537 2585 23
566 2546 647 2587 108,
680 2546 699 2578 3
742 2546 813 2586 (ge-

938 1638 1000 1676 12.
1027 1644 1058 1676 3.
1084 1643 1261 1687 Hiempsal
1287 1648 1351 1676 ete.
1390 1643 1456 1676 Das
1484 1643 1565 1676 hier

888 1689 1010 1720 weiter
1028 1688 1187 1721 Erziihlte
1204 1690 1348 1729 geschah
1366 1688 1429 1721 637
1455 1689 1562 1728 (117)-

888 1734 1114 1765 Abweicheud
1141 1734 1198 1765 hat
1215 1733 1287 1765 Liv.
1307 1734 1391 1766 uach
1408 1733 1497 1775 Epit.
1515 1733 1561 1765 62

889 1779 1021 1811 erziihlt
1051 1779 1220 1821 lag-artha
1235 1778 1461 1821 Hiempsalem
1477 1779 1556 1820 fra-

887 1826 969 1856 trem
993 1825 1089 1867 petiit
1117 1823 1238 1864 bello,
1256 1826 1315 1865 qui
1342 1825 1446 1855 rictus
1473 1826 1560 1856 occi-

887 1868 992 1900 ditur.

935 1911 1130 1946 Thirmida.-
1163 1913 1222 1945 Die
1251 1913 1341 1953 Lage
1378 1913 1425 1945 ist
1454 1913 1560 1946 unbe-

888 1959 1002 1990 kannt.

930 2014 1033 2047 prosc.
1043 2003 1156 2036 lictor:
1175 2003 1362 2044 eigentlich
1379 2002 1440 2035 der
1456 2003 1562 2035 letzte

888 2049 922 2080 in
946 2049 1007 2081 der
1030 2049 1132 2081 lteihe
1160 2048 1220 2080 der
1250 2049 1321 2080 dem
1351 2050 1432 2080 riim.
1450 2048 1559 2090 Magi-

888 2099 977 2126 sti-at
1012 2093 1356 2126 voransehreitenden
1384 2093 1557 2133 Lictoren,

888 2139 990 2172 daher
1008 2140 1073 2171 ihm
1098 2139 1157 2171 der
1189 2138 1346 2178 titichste;
1375 2137 1418 2170 im
1445 2137 1560 2178 Range

888 2185 948 2216 der
981 2185 1128 2216 hb'chste.
1193 2183 1274 2215 Dem
1313 2183 1559 2225 entsprechend

888 2229 974 2268 hier,
1004 2230 1063 2262 mit
1079 2228 1298 2268 Anwendung
1329 2228 1556 2260 1=iim.Nameu

888 2273 948 2306 auf
962 2275 1117 2306 'zihnliche
1136 2273 1263 2306 sremde
1292 2272 1396 2313 Dirige
1415 2274 1467 2313 (zu
1484 2272 1557 2305 Cat.

889 2320 942 2359 53,
961 2320 1007 2359 3),
1025 2319 1116 2351 einer
1132 2319 1192 2351 der
1220 2317 1412 2350 Trabanten
1431 2318 1558 2359 Jugur-

886 2365 974 2405 thas,
992 2364 1052 2396 der
1077 2364 1144 2396 ihm
1161 2363 1354 2404 persiinlich
1372 2363 1563 2395 besonders

885 2410 970 2440 nahe
988 2409 1085 2441 stand
1102 2409 1168 2440 und
1192 2419 1245 2439 uin
1272 2408 1329 2440 ihu
1354 2406 1559 2449 beschiiftigt

885 2464 966 2495 war,
985 2455 1056 2486 sein
1075 2454 1308 2486 Leibtrabant.

929 2509 1032 2530 casu:
1062 2499 1124 2531 mit
1152 2498 1261 2540 Bezug
1287 2497 1348 2530 auf
1366 2498 1457 2540 sorte
1483 2498 1563 2529 eius

885 2543 981 2576 domo
998 2545 1155 2576 utebatur
1170 2549 1234 2575 etc.
