1720 2875
174 129 226 170 80
662 130 697 162 C.
723 128 934 163 SALLUSTI
959 129 1092 163 CfflSPl

173 231 305 270 omnia
327 231 494 277 cedunt3
515 231 582 270 uhi
603 231 804 271 socordiae
821 237 860 272 te
875 238 991 283 atque
1008 232 1182 283 ignaviae
1198 234 1417 282 tradideris,
1440 237 1581 287 nequi-

107 296 149 328 30
174 301 289 339 quam
312 288 404 326 deos
427 287 621 338 inplores:
643 289 731 327 irati
747 288 959 340 infestique
976 295 1078 327 sunt.
1109 289 1220 340 Apud
1239 291 1404 330 maiores
1422 300 1580 333 nostros

172 345 216 383 T.
236 343 401 382 Manlius
422 343 644 394 Torquatus
665 344 765 384 bello
787 346 929 384 Gallico
951 346 1072 384 silium
1096 358 1233 392 suum,
1263 348 1367 397 quod
1389 348 1422 387 is
1444 355 1580 389 contra

104 408 143 441 31
172 400 377 451 imperium
396 401 436 438 in
455 400 607 440 hostem
627 407 878 452 pugnaverat,
901 403 1029 441 necari
1047 402 1170 448 iussit,
1187 408 1302 454 atque
1318 403 1382 442 ille
1400 405 1579 455 egri-gius

172 456 399 496 adulescens
420 456 686 496 inmoderatae
707 458 950 497 fortitudinis
973 466 1098 498 morte
1118 471 1267 510 poenas
1290 460 1413 498 dedit:
1442 473 1510 500 vos
1531 462 1580 502 de

172 513 467 552 crudelissumis
488 515 689 565 parricidis
711 515 802 565 quid
825 515 1004 554 statuatis
1020 513 1292 555 cunctamini?
1314 516 1502 557 Videlicet
1517 530 1582 557 ce-

104 577 145 610 32
172 575 252 608 tera
276 569 350 608 vita
374 582 510 609 eorum
527 571 618 609 huic
634 571 768 610 sceleri
785 571 925 610 obstat.
956 571 1098 611 Verum
1118 573 1263 623 parcite
1281 573 1459 623 dignitati
1473 574 1581 614 Len-

170 625 252 670 tuli,
275 626 308 664 si
329 625 412 677 ipse
433 627 653 677 pudicitiae,
683 628 715 666 si
736 627 861 666 faniae
881 640 996 673 suae,
1025 629 1056 667 si
1079 629 1137 668 dis
1157 634 1224 667 aut
1245 629 1469 669 hominibus
1490 643 1581 670 um·

101 689 142 722 33
170 695 286 734 quam
310 683 399 722 ullis
423 684 615 734 pepercit3
637 684 824 734 ignoscite
842 684 998 735 Cethegi
1022 685 1323 730 adulescentiae,
1346 686 1419 725 nisi
1438 688 1579 726 iterum

100 747 142 778 34
168 739 314 790 patriae
336 739 479 779 bellum
503 740 607 779 fecit.
641 741 735 779 Nam
759 740 849 792 quid
874 753 944 792 ego
967 742 1014 780 de
1036 742 1198 780 Gabinio
1222 742 1373 782 Statilio
1391 743 1576 795 Caepario

169 796 325 846 loquar:
349 797 490 847 quibus
512 797 545 835 si
568 797 775 848 quicquam
799 810 985 848 umquam
1009 799 1119 849 pensi
1141 798 1292 843 fuisset,
1314 811 1394 838 non
1418 813 1461 839 ea
1483 812 1580 839 con-

102 862 144 893 35
170 852 253 890 silia
276 853 324 891 de
344 865 385 891 re
407 853 558 904 publica
580 854 822 893 habuissent.
867 854 1091 901 Postremo,
1125 861 1253 905 patres
1284 857 1515 908 conscripti,
1545 857 1579 896 si

172 909 394 949 mehercule
416 916 574 961 peccato
596 910 703 950 loc-us
725 916 845 957 esset,
867 911 977 950 facile
997 918 1151 962 paterer
1171 924 1236 950 vos
1261 911 1342 962 ipsa
1363 925 1404 950 re
1425 913 1577 964 corrigi,

172 966 357 1016 quoniam
377 965 492 1005 verba
508 967 777 1006 contemnitis:
796 968 863 1006 sed
882 968 1054 1018 undique
1066 968 1319 1007 circumventi
1332 981 1482 1008 sumus.
1505 972 1578 1009 Ca-

169 1022 278 1061 tilina
301 1035 389 1061 cum
414 1024 584 1062 exercitu
607 1024 783 1063 faut-ibus
807 1030 965 1074 urguet;
996 1024 1057 1063 alii
1078 1024 1180 1062 intra
1208 1025 1363 1063 moenia
1394 1032 1511 1077 atque
1537 1026 1578 1065 in

170 1078 262 1118 sinu
279 1079 385 1118 urbis
403 1087 497 1119 sunt
513 1081 663 1124 hostes;
683 1093 810 1131 neque
828 1082 955 1131 parari
973 1093 1102 1132 neque
1115 1081 1264 1119 consuli
1280 1081 1488 1132 quicquam
1504 1095 1578 1133 po-

99 1144 141 1176 36
166 1141 241 1174 test
264 1138 432 1175 occulte:
457 1149 534 1187 quo
553 1137 674 1187 magis
689 1137 979 1188 properandum
998 1143 1066 1175 est.
1100 1138 1181 1183 Qua
1203 1149 1245 1176 re
1263 1150 1332 1188 ego
1350 1138 1399 1176 ita
1417 1151 1576 1178 censeo:

170 1204 258 1231 cum
282 1193 432 1231 nefario
455 1193 617 1231 consilio
634 1195 910 1232 sceleratorum
929 1193 1071 1232 civium
1090 1205 1152 1232 res
1169 1194 1322 1244 publica
1340 1195 1379 1233 in
1397 1207 1577 1235 maxuma

168 1249 338 1299 pericula
360 1249 521 1291 venerit.
545 1249 658 1300 eique
680 1249 822 1288 indicio
845 1249 887 1287 T.
914 1250 1079 1288 Volturci
1101 1256 1138 1289 et
1160 1251 1373 1301 legatorum
1396 1251 1578 1291 Allobro-

168 1317 260 1355 gum
283 1305 449 1345 convicti
471 1307 718 1357 confessique
740 1307 819 1345 sint
841 1307 998 1346 caedem
1021 1307 1200 1346 incendia
1222 1307 1373 1358 aliaque
1394 1321 1436 1347 se
1463 1308 1576 1348 foeda

214 1397 267 1428 30.
312 1394 521 1438 Torquatus.-
556 1397 618 1429 Die
652 1398 834 1430 Handschr.

168 1441 279 1474 lassen
312 1442 413 1474 theiis
443 1442 505 1474 den
534 1443 721 1476 Vox-namen
752 1453 836 1483 ganz

167 1497 239 1528 aus,
269 1487 370 1519 theils
403 1488 505 1527 geben
539 1489 588 1520 sie
621 1490 654 1519 A
683 1488 734 1520 als
767 1488 836 1520 sol-

167 1533 259 1564 chen.
285 1532 332 1564 Er
350 1532 433 1564 hiel's
451 1534 531 1565 aber
550 1533 664 1565 vollst.
683 1532 721 1566 T.
741 1533 834 1565 Man-

167 1577 446 1619 liuslmperiosus
462 1577 584 1620 Torqu.
604 1580 666 1609 und
686 1579 759 1611 that
777 1580 834 1610 das

165 1623 242 1655 hier
258 1622 441 1655 Erxxiihnte
460 1624 541 1655 nach
558 1624 629 1655 dem
647 1624 834 1665 Zeugnisse

167 1668 255 1700 aller
272 1668 413 1709 iibrigeu
432 1669 693 1705 Schril'tstellcr,
727 1670 778 1701 als
796 1679 834 1701 er

166 1714 233 1745 414
251 1713 355 1753 (3⁴0),
379 1724 450 1745 zum
478 1714 670 1746 drittenmal
697 1715 833 1754 Consul,

165 1759 225 1790 mit
249 1758 310 1790 den
335 1759 495 1791 Latinern
514 1759 670 1801 kiimptte.
721 1759 832 1792 Wenn

165 1804 224 1836 der
241 1802 396 1845 Irrthum‚
414 1804 492 1836 bello
513 1804 647 1843 Gallico,
668 1815 732 1836 von
750 1805 832 1838 Sall.

164 1849 336 1888 herriihrt,
367 1860 403 1881 so
437 1849 558 1882 bei-ulit
587 1861 624 1882 er
653 1850 714 1882 auf
739 1851 834 1882 einer

164 1894 452 1935 Verwechselung
469 1896 531 1926 mit
548 1896 619 1926 dem
637 1896 717 1936 gall.
736 1894 833 1927 Hrie—

165 1949 205 1979 ge
222 1939 451 1979 3931361),iu
483 1940 640 1972 weit-hein
675 1941 833 1979 Manlius,

164 1985 246 2016 eben
274 1995 309 2016 so
335 1985 401 2017 wie
431 1987 544 2027 spiiter
571 1986 640 2018 sein
660 1987 759 2025 Sohn,
791 1987 833 2018 im

164 2029 375 2073 Zweikampf
389 2031 460 2062 sich
473 2031 672 2063 hervorthat
690 2032 753 2063 und
771 2032 831 2064 den

164 2074 339 2107 Beinamen
358 2076 547 2118 Torquatus
566 2077 698 2110 erhiett.

211 2120 263 2152 31.
290 2121 423 2153 obstat:
448 2122 562 2161 „steht
578 2122 740 2154 milderud
760 2127 834 2154 eut-

165 2166 374 2206 gegeu“1,iv
409 2168 437 2206 1,
457 2167 498 2199 26
527 2170 631 2199 atrox
664 2170 770 2200 visum
800 2167 836 2199 id

155 2213 304 2253 facinus
332 2212 507 2252 (Horatii)
542 2214 697 2254 patribus
729 2212 833 2254 plebi-

164 2266 244 2298 que:
266 2257 326 2289 sed
345 2268 461 2290 recem·
486 2260 644 2290 meritum
661 2260 757 2301 facto
776 2258 832 2289 ob-

163 2302 280 2333 stabat.

210 2347 263 2378 33.
302 2349 443 2380 iter-um:
484 2348 566 2381 Also
605 2349 699 2381 hatte
739 2348 832 2380 wohl

164 2391 330 2432 Cethegus
378 2395 479 2426 sehon
528 2405 567 2426 an
617 2394 676 2425 der
719 2399 832 2426 ersten

166 2437 435 2480 Vei-sehwo'ruug
453 2444 492 2479 (c.
505 2440 558 2480 18)
578 2439 675 2471 Theil
693 2449 830 2480 genom-

163 2492 247 2514 men.

208 2528 262 2559 34.
287 2528 404 2569 quibus
420 2530 470 2560 si.
491 2553 498 2560 .
518 2554 524 2560 .
542 2530 754 2562 habuissent.-
771 2529 832 2561 Ca-

161 2576 196 2604 to
215 2573 346 2605 scheint
369 2574 442 2605 hier
465 2574 656 2607 riickwiirts
686 2585 746 2606 aus
773 2575 831 2606 der

909 1398 997 1430 Thot
1028 1396 1087 1430 auf
1116 1398 1174 1429 das
1207 1397 1341 1430 friihere
1374 1398 1484 1431 Leben
1517 1399 1577 1432 der

910 1442 1014 1475 Leute
1047 1454 1087 1474 zu
1120 1443 1317 1482 schliel'sen3
1351 1443 1452 1476 allein
1483 1444 1576 1477 diese

910 1488 1087 1529 wendung
1115 1489 1159 1520 ist
1188 1490 1260 1520 eine
1291 1488 1398 1520 hlol'se
1429 1490 1576 1522 oratori-

908 1534 986 1565 sche
996 1532 1093 1565 Fcrm
1113 1534 1167 1565 siir
1184 1534 1243 1565 dus
1262 1534 1451 1566 einsachere
1470 1535 1576 1574 „wel-

908 1579 968 1610 che
986 1579 1039 1610 ihr
1055 1589 1177 1620 ganzes
1195 1579 1454 1620 gewissenloses
1465 1578 1575 1613 Leben

908 1625 991 1655 auch
1003 1624 1091 1664 jetzt
1107 1623 1167 1656 auf
1180 1624 1294 1656 solche
1311 1625 1481 1657 schlechte
1493 1624 1575 1658 We-

906 1680 946 1710 ge
979 1669 1096 1701 suhi-en
1126 1669 1323 1702 musste“.
1379 1669 1488 1702 Dur-ch
1515 1671 1574 1703 das

907 1714 1086 1755 vorherige
1110 1714 1190 1755 quid
1205 1715 1321 1756 loquar
1337 1715 1421 1747 wird
1439 1715 1492 1747 die
1510 1714 1575 1748 Ge-

906 1760 1195 1800 wissenlosigkeit
1226 1760 1404 1792 dei-selben
1434 1760 1486 1792 als
1503 1760 1574 1792 all-

906 1805 1035 1846 geineiu
1065 1805 1211 1837 bekannt
1228 1806 1293 1837 und
1313 1805 1500 1838 anerkannt
1518 1806 1574 1838 be-

906 1850 1066 1882 zeichnet.

952 1897 1004 1927 35.
1036 1895 1235 1928 mehercule.-
1264 1895 1358 1927 nicht
1388 1895 1498 1928 selten
1530 1895 1574 1928 im

906 1940 1126 1981 Nebensatze,
1144 1941 1206 1972 wie
1223 1941 1311 1980 hier3
1330 1940 1387 1972 Or.
1407 1939 1493 1973 Phil.
1515 1941 1573 1978 17;

906 1987 976 2019 Cic.
995 1986 1027 2017 in
1048 1987 1118 2017 Cat.
1134 1987 1166 2027 2,
1191 1987 1220 2024 7,
1250 1987 1287 2019 16
1313 1985 1367 2018 ille
1393 1989 1516 2024 autem,
1544 1987 1577 2018 si

906 2032 1094 2064 mehercule
1119 2032 1179 2063 hoc
1196 2030 1285 2074 quod
1300 2033 1374 2073 agit
1390 2041 1573 2073 numquam

906 2080 1005 2109 antea
1022 2079 1209 2119 cogitasset,
1233 2081 1346 2108 tamen
1369 2077 1573 2109 latrocinan-

907 2125 972 2154 tem
1007 2133 1041 2154 se
1073 2123 1222 2164 inlerficz'
1242 2122 1354 2153 mullet
1370 2132 1470 2163 quam
1486 2132 1573 2153 εει-ιι-

906 2167 970 2199 lem
988 2169 1101 2199 viz-ere.
1150 2167 1195 2200 Es
1214 2167 1397 2208 bekriiftigt
1414 2167 1474 2198 den
1492 2176 1574 2207 gan-

907 2223 966 2245 zen
997 2211 1359 2254 zusainmengesassten
1380 2209 1574 2253 Gvdauken,

907 2259 980 2290 also
998 2259 1080 2290 auch
1101 2258 1162 2289 den
1182 2259 1382 2297 Hauptsat23
1401 2257 1482 2289 aher
1498 2257 1574 2290 hier

904 2303 987 2344 liegt
1006 2302 1232 2335 vornehmlich
1251 2302 1345 2334 darin
1372 2305 1428 2343 „al
1444 2303 1574 2335 mehetu

904 2349 974 2381 cule
1003 2351 1133 2391 peccato
1167 2348 1258 2379 locus
1290 2357 1354 2379 non
1386 2348 1470 2388 est“‚
1504 2357 1572 2379 was

903 2393 1006 2425 durch
1036 2394 1094 2425 dus
1121 2392 1288 2434 Folgende
1317 2393 1398 2435 (vgl.
1416 2392 1436 2435 ξ
1454 2394 1486 2434 4)
1518 2403 1572 2425 er-

905 2439 1032 2471 liiutert
1049 2439 1144 2470 wit-d.

948 2485 1128 2525 saucibus:
1156 2483 1231 2515 Abl.
1262 2484 1328 2516 wie
1354 2484 1386 2515 in
1405 2483 1466 2515 den
1484 2483 1571 2515 Aus-

904 2529 1049 2560 driicken
1068 2530 1227 2570 faucibus
1240 2531 1360 2572 premi,
1377 2529 1492 2567 teneri,
1509 2526 1570 2559 ad-

902 2574 1075 2617 prehendi,
1093 2585 1156 2606 nur
1173 2574 1249 2606 dass
1266 2575 1360 2606 diese
1379 2583 1493 2615 wegen
1509 2573 1568 2605 des
