<?xml version="1.0" encoding="UTF-8"?>
<!DOCTYPE html PUBLIC "-//W3C//DTD XHTML 1.0 Transitional//EN"
    "http://www.w3.org/TR/xhtml1/DTD/xhtml1-transitional.dtd">
<html xmlns="http://www.w3.org/1999/xhtml" xml:lang="en" lang="en">
 <head>
  <title>
</title>
<meta http-equiv="Content-Type" content="text/html;charset=utf-8" />
  <meta name='ocr-system' content='tesseract 3.04.00' />
  <meta name='ocr-capabilities' content='ocr_page ocr_carea ocr_par ocr_line ocrx_word'/>
</head>
<body>
  <div class='ocr_page' id='page_1' title='image "./deconiurationeca00salluoft_0056.png"; bbox 0 0 1720 2875; ppageno 0'>
   <div class='ocr_carea' id='block_1_1' title="bbox 188 142 1106 184">
    <p class='ocr_par' dir='ltr' id='par_1_1' title="bbox 188 142 1106 184">
     <span class='ocr_line' id='line_1_1' title="bbox 188 142 1106 184; baseline 0 -8"><span class='ocrx_word' id='word_1_1' title='bbox 188 144 242 184; x_wconf 89' lang='lat'>48</span> <span class='ocrx_word' id='word_1_2' title='bbox 677 144 711 176; x_wconf 85' lang='lat' dir='ltr'>c.</span> <span class='ocrx_word' id='word_1_3' title='bbox 741 143 949 177; x_wconf 75' lang='lat' dir='ltr'>SALLusri</span> <span class='ocrx_word' id='word_1_4' title='bbox 973 142 1106 176; x_wconf 79' lang='lat' dir='ltr'>caism</span> 
     </span>
    </p>
   </div>
   <div class='ocr_carea' id='block_1_2' title="bbox 141 245 1603 1426">
    <p class='ocr_par' dir='ltr' id='par_1_2' title="bbox 143 245 1598 806">
     <span class='ocr_line' id='line_1_2' title="bbox 193 245 1597 301; baseline 0.002 -15"><span class='ocrx_word' id='word_1_5' title='bbox 193 246 482 298; x_wconf 77' lang='lat' dir='ltr'>triumpharent</span> <span class='ocrx_word' id='word_1_6' title='bbox 502 245 697 284; x_wconf 86' lang='lat' dir='ltr'>calumnia</span> <span class='ocrx_word' id='word_1_7' title='bbox 718 257 945 297; x_wconf 83' lang='lat' dir='ltr'>paucorum,</span> <span class='ocrx_word' id='word_1_8' title='bbox 967 246 1110 298; x_wconf 89' lang='lat' dir='ltr'>quibus</span> <span class='ocrx_word' id='word_1_9' title='bbox 1139 247 1270 286; x_wconf 91' lang='lat' dir='ltr'>omnia</span> <span class='ocrx_word' id='word_1_10' title='bbox 1296 247 1460 289; x_wconf 87' lang='lat' dir='ltr'>honesta</span> <span class='ocrx_word' id='word_1_11' title='bbox 1480 255 1597 301; x_wconf 87' lang='lat' dir='ltr'>atque</span> 
     </span>
     <span class='ocr_line' id='line_1_3' title="bbox 145 302 1595 356; baseline 0.003 -16"><span class='ocrx_word' id='word_1_12' title='bbox 145 309 163 340; x_wconf 93' lang='lat'>5</span> <span class='ocrx_word' id='word_1_13' title='bbox 187 304 394 342; x_wconf 87' lang='lat' dir='ltr'>inhonesta</span> <span class='ocrx_word' id='word_1_14' title='bbox 416 302 585 340; x_wconf 90' lang='lat' dir='ltr'>vendere</span> <span class='ocrx_word' id='word_1_15' title='bbox 606 314 692 340; x_wconf 91' lang='lat' dir='ltr'>mos</span> <span class='ocrx_word' id='word_1_16' title='bbox 715 308 798 341; x_wconf 84' lang='lat' dir='ltr'>erat</span> <span class='ocrx_word' id='word_1_17' title='bbox 818 315 890 349; x_wconf 88' lang='lat'>-—-;</span> <span class='ocrx_word' id='word_1_18' title='bbox 912 303 981 341; x_wconf 91' lang='lat' dir='ltr'>sed</span> <span class='ocrx_word' id='word_1_19' title='bbox 1003 308 1201 354; x_wconf 86' lang='lat' dir='ltr'>praetores</span> <span class='ocrx_word' id='word_1_20' title='bbox 1221 304 1265 350; x_wconf 84' lang='lat' dir='ltr'>Q.</span> <span class='ocrx_word' id='word_1_21' title='bbox 1283 303 1491 356; x_wconf 90' lang='lat' dir='ltr'>Pompeius</span> <span class='ocrx_word' id='word_1_22' title='bbox 1513 306 1595 345; x_wconf 85' lang='lat' dir='ltr'>Ru-</span> 
     </span>
     <span class='ocr_line' id='line_1_4' title="bbox 188 357 1598 414; baseline 0.002 -16"><span class='ocrx_word' id='word_1_23' title='bbox 188 359 252 398; x_wconf 89' lang='lat' dir='ltr'>fus</span> <span class='ocrx_word' id='word_1_24' title='bbox 275 360 459 409; x_wconf 76' lang='lat' dir='ltr'>Capuam,</span> <span class='ocrx_word' id='word_1_25' title='bbox 481 358 524 404; x_wconf 85' lang='lat' dir='ltr'>Q.</span> <span class='ocrx_word' id='word_1_26' title='bbox 548 357 723 397; x_wconf 82' lang='lat' dir='ltr'>Metellus</span> <span class='ocrx_word' id='word_1_27' title='bbox 745 358 855 398; x_wconf 79' lang='lat' dir='ltr'>Celer</span> <span class='ocrx_word' id='word_1_28' title='bbox 874 359 915 397; x_wconf 92' lang='lat' dir='ltr'>in</span> <span class='ocrx_word' id='word_1_29' title='bbox 936 371 1074 410; x_wconf 87' lang='lat' dir='ltr'>agrum</span> <span class='ocrx_word' id='word_1_30' title='bbox 1097 359 1296 407; x_wconf 85' lang='lat' dir='ltr'>Picenum,</span> <span class='ocrx_word' id='word_1_31' title='bbox 1331 360 1468 413; x_wconf 89' lang='lat' dir='ltr'>eisque</span> <span class='ocrx_word' id='word_1_32' title='bbox 1503 375 1598 414; x_wconf 86' lang='lat' dir='ltr'>per-</span> 
     </span>
     <span class='ocr_line' id='line_1_5' title="bbox 188 415 1597 468; baseline 0.001 -13"><span class='ocrx_word' id='word_1_33' title='bbox 188 416 363 461; x_wconf 90' lang='lat' dir='ltr'>missum,</span> <span class='ocrx_word' id='word_1_34' title='bbox 384 415 441 453; x_wconf 91' lang='lat' dir='ltr'>uti</span> <span class='ocrx_word' id='word_1_35' title='bbox 462 427 533 465; x_wconf 87' lang='lat' dir='ltr'>pro</span> <span class='ocrx_word' id='word_1_36' title='bbox 554 420 732 466; x_wconf 87' lang='lat' dir='ltr'>tempore</span> <span class='ocrx_word' id='word_1_37' title='bbox 753 420 869 466; x_wconf 88' lang='lat' dir='ltr'>atque</span> <span class='ocrx_word' id='word_1_38' title='bbox 883 416 1055 466; x_wconf 86' lang='lat' dir='ltr'>periculo</span> <span class='ocrx_word' id='word_1_39' title='bbox 1074 416 1288 455; x_wconf 85' lang='lat' dir='ltr'>exercitum</span> <span class='ocrx_word' id='word_1_40' title='bbox 1311 423 1597 468; x_wconf 81' lang='lat' dir='ltr'>compararent.</span> 
     </span>
     <span class='ocr_line' id='line_1_6' title="bbox 143 470 1597 524; baseline 0.001 -12"><span class='ocrx_word' id='word_1_41' title='bbox 143 482 163 512; x_wconf 85' lang='lat'><strong>6</strong></span> <span class='ocrx_word' id='word_1_42' title='bbox 190 472 247 510; x_wconf 85' lang='lat' dir='ltr'>Ad</span> <span class='ocrx_word' id='word_1_43' title='bbox 269 472 357 515; x_wconf 90' lang='lat' dir='ltr'>hoc,</span> <span class='ocrx_word' id='word_1_44' title='bbox 379 470 411 509; x_wconf 92' lang='lat' dir='ltr'>si</span> <span class='ocrx_word' id='word_1_45' title='bbox 433 471 520 522; x_wconf 90' lang='lat' dir='ltr'>quis</span> <span class='ocrx_word' id='word_1_46' title='bbox 542 471 788 511; x_wconf 86' lang='lat' dir='ltr'>indicavisset</span> <span class='ocrx_word' id='word_1_47' title='bbox 809 472 857 511; x_wconf 93' lang='lat' dir='ltr'>de</span> <span class='ocrx_word' id='word_1_48' title='bbox 893 472 1172 517; x_wconf 88' lang='lat' dir='ltr'>coniuratione,</span> <span class='ocrx_word' id='word_1_49' title='bbox 1209 485 1308 524; x_wconf 90' lang='lat' dir='ltr'>quae</span> <span class='ocrx_word' id='word_1_50' title='bbox 1344 479 1477 513; x_wconf 89' lang='lat' dir='ltr'>eontra</span> <span class='ocrx_word' id='word_1_51' title='bbox 1512 486 1597 514; x_wconf 88' lang='lat' dir='ltr'>rem</span> 
     </span>
     <span class='ocr_line' id='line_1_7' title="bbox 187 527 1598 579; baseline 0.002 -13"><span class='ocrx_word' id='word_1_52' title='bbox 187 527 383 579; x_wconf 81' lang='lat' dir='ltr'>publicam</span> <span class='ocrx_word' id='word_1_53' title='bbox 404 527 504 566; x_wconf 87' lang='lat' dir='ltr'>facta</span> <span class='ocrx_word' id='word_1_54' title='bbox 526 533 622 572; x_wconf 91' lang='lat' dir='ltr'>erat,</span> <span class='ocrx_word' id='word_1_55' title='bbox 643 528 861 579; x_wconf 84' lang='lat' dir='ltr'>praemium</span> <span class='ocrx_word' id='word_1_56' title='bbox 878 541 990 567; x_wconf 92' lang='lat' dir='ltr'>servo</span> <span class='ocrx_word' id='word_1_57' title='bbox 1004 528 1224 568; x_wconf 89' lang='lat' dir='ltr'>libertatem</span> <span class='ocrx_word' id='word_1_58' title='bbox 1248 535 1285 568; x_wconf 91' lang='lat' dir='ltr'>et</span> <span class='ocrx_word' id='word_1_59' title='bbox 1305 530 1482 569; x_wconf 89' lang='lat' dir='ltr'>sestertia</span> <span class='ocrx_word' id='word_1_60' title='bbox 1505 541 1598 569; x_wconf 85' lang='lat' dir='ltr'>cen-</span> 
     </span>
     <span class='ocr_line' id='line_1_8' title="bbox 188 583 1596 638; baseline 0.002 -16"><span class='ocrx_word' id='word_1_61' title='bbox 188 589 285 628; x_wconf 86' lang='lat' dir='ltr'>tum,</span> <span class='ocrx_word' id='word_1_62' title='bbox 307 583 430 622; x_wconf 91' lang='lat' dir='ltr'>libero</span> <span class='ocrx_word' id='word_1_63' title='bbox 452 583 715 635; x_wconf 81' lang='lat' dir='ltr'>inpunitatem</span> <span class='ocrx_word' id='word_1_64' title='bbox 738 585 821 623; x_wconf 91' lang='lat' dir='ltr'>eius</span> <span class='ocrx_word' id='word_1_65' title='bbox 843 584 899 622; x_wconf 90' lang='lat' dir='ltr'>rei</span> <span class='ocrx_word' id='word_1_66' title='bbox 927 590 964 623; x_wconf 90' lang='lat' dir='ltr'>et</span> <span class='ocrx_word' id='word_1_67' title='bbox 992 586 1171 624; x_wconf 88' lang='lat' dir='ltr'>sestertia</span> <span class='ocrx_word' id='word_1_68' title='bbox 1201 585 1379 630; x_wconf 81' lang='lat' dir='ltr'>ducenta,</span> <span class='ocrx_word' id='word_1_69' title='bbox 1422 586 1596 638; x_wconf 87' lang='lat' dir='ltr'>itemque</span> 
     </span>
     <span class='ocr_line' id='line_1_9' title="bbox 143 640 1596 692; baseline 0.003 -14"><span class='ocrx_word' id='word_1_70' title='bbox 143 646 160 676; x_wconf 76' lang='lat'><strong>7</strong></span> <span class='ocrx_word' id='word_1_71' title='bbox 188 640 408 685; x_wconf 88' lang='lat' dir='ltr'>decrevere,</span> <span class='ocrx_word' id='word_1_72' title='bbox 430 640 488 678; x_wconf 91' lang='lat' dir='ltr'>uti</span> <span class='ocrx_word' id='word_1_73' title='bbox 507 640 754 692; x_wconf 82' lang='lat' dir='ltr'>gladiatoriae</span> <span class='ocrx_word' id='word_1_74' title='bbox 774 640 941 680; x_wconf 82' lang='lat' dir='ltr'>familiae</span> <span class='ocrx_word' id='word_1_75' title='bbox 963 641 1131 692; x_wconf 87' lang='lat' dir='ltr'>Capuam</span> <span class='ocrx_word' id='word_1_76' title='bbox 1154 647 1190 680; x_wconf 89' lang='lat' dir='ltr'>et</span> <span class='ocrx_word' id='word_1_77' title='bbox 1211 642 1252 680; x_wconf 87' lang='lat' dir='ltr'>in</span> <span class='ocrx_word' id='word_1_78' title='bbox 1275 648 1404 681; x_wconf 88' lang='lat' dir='ltr'>cetera</span> <span class='ocrx_word' id='word_1_79' title='bbox 1426 642 1596 682; x_wconf 87' lang='lat' dir='ltr'>munici-</span> 
     </span>
     <span class='ocr_line' id='line_1_10' title="bbox 187 696 1596 749; baseline 0.003 -15"><span class='ocrx_word' id='word_1_80' title='bbox 187 696 249 748; x_wconf 90' lang='lat' dir='ltr'>pia</span> <span class='ocrx_word' id='word_1_81' title='bbox 267 696 596 736; x_wconf 84' lang='lat' dir='ltr'>distribuerentur</span> <span class='ocrx_word' id='word_1_82' title='bbox 610 709 681 748; x_wconf 90' lang='lat' dir='ltr'>pro</span> <span class='ocrx_word' id='word_1_83' title='bbox 699 697 887 747; x_wconf 90' lang='lat' dir='ltr'>cuiusque</span> <span class='ocrx_word' id='word_1_84' title='bbox 903 697 1055 748; x_wconf 85' lang='lat' dir='ltr'>opibus,</span> <span class='ocrx_word' id='word_1_85' title='bbox 1076 698 1222 737; x_wconf 87' lang='lat' dir='ltr'>Romae</span> <span class='ocrx_word' id='word_1_86' title='bbox 1238 711 1308 749; x_wconf 89' lang='lat' dir='ltr'>per</span> <span class='ocrx_word' id='word_1_87' title='bbox 1319 704 1438 738; x_wconf 87' lang='lat' dir='ltr'>totam</span> <span class='ocrx_word' id='word_1_88' title='bbox 1457 699 1596 738; x_wconf 85' lang='lat' dir='ltr'>urbem</span> 
     </span>
     <span class='ocr_line' id='line_1_11' title="bbox 187 752 1485 806; baseline 0.002 -15"><span class='ocrx_word' id='word_1_89' title='bbox 187 752 334 804; x_wconf 87' lang='lat' dir='ltr'>vigiliae</span> <span class='ocrx_word' id='word_1_90' title='bbox 354 753 604 799; x_wconf 85' lang='lat' dir='ltr'>haberentur,</span> <span class='ocrx_word' id='word_1_91' title='bbox 626 753 760 805; x_wconf 91' lang='lat' dir='ltr'>eisque</span> <span class='ocrx_word' id='word_1_92' title='bbox 783 753 956 792; x_wconf 88' lang='lat' dir='ltr'>minores</span> <span class='ocrx_word' id='word_1_93' title='bbox 978 754 1226 805; x_wconf 85' lang='lat' dir='ltr'>magistratus</span> <span class='ocrx_word' id='word_1_94' title='bbox 1247 761 1485 806; x_wconf 87' lang='lat' dir='ltr'>praeessent.</span> 
     </span>
    </p>

    <p class='ocr_par' dir='ltr' id='par_1_3' title="bbox 141 809 1600 1313">
     <span class='ocr_line' id='line_1_12' title="bbox 302 809 1596 861; baseline 0.003 -14"><span class='ocrx_word' id='word_1_95' title='bbox 302 809 454 856; x_wconf 87' lang='lat' dir='ltr'>Quibus</span> <span class='ocrx_word' id='word_1_96' title='bbox 475 809 592 848; x_wconf 90' lang='lat' dir='ltr'>rebus</span> <span class='ocrx_word' id='word_1_97' title='bbox 613 815 790 861; x_wconf 87' lang='lat' dir='ltr'>permota</span> <span class='ocrx_word' id='word_1_98' title='bbox 812 810 944 849; x_wconf 89' lang='lat' dir='ltr'>civitas</span> <span class='ocrx_word' id='word_1_99' title='bbox 966 815 1081 861; x_wconf 87' lang='lat' dir='ltr'>atque</span> <span class='ocrx_word' id='word_1_100' title='bbox 1103 811 1308 850; x_wconf 85' lang='lat' dir='ltr'>immutata</span> <span class='ocrx_word' id='word_1_101' title='bbox 1346 811 1452 851; x_wconf 86' lang='lat' dir='ltr'>urhis</span> <span class='ocrx_word' id='word_1_102' title='bbox 1479 811 1596 852; x_wconf 85' lang='lat' dir='ltr'>facies</span> 
     </span>
     <span class='ocr_line' id='line_1_13' title="bbox 188 866 1598 920; baseline 0.001 -15"><span class='ocrx_word' id='word_1_103' title='bbox 188 871 291 905; x_wconf 84' lang='lat' dir='ltr'>erat:</span> <span class='ocrx_word' id='word_1_104' title='bbox 314 878 361 904; x_wconf 87' lang='lat' dir='ltr'>ex</span> <span class='ocrx_word' id='word_1_105' title='bbox 382 877 537 905; x_wconf 85' lang='lat' dir='ltr'>summa</span> <span class='ocrx_word' id='word_1_106' title='bbox 553 866 698 906; x_wconf 88' lang='lat' dir='ltr'>laetitia</span> <span class='ocrx_word' id='word_1_107' title='bbox 716 872 832 917; x_wconf 90' lang='lat' dir='ltr'>atque</span> <span class='ocrx_word' id='word_1_108' title='bbox 846 867 1009 912; x_wconf 84' lang='lat' dir='ltr'>lascivia,</span> <span class='ocrx_word' id='word_1_109' title='bbox 1028 879 1127 918; x_wconf 88' lang='lat' dir='ltr'>quae</span> <span class='ocrx_word' id='word_1_110' title='bbox 1144 868 1330 907; x_wconf 88' lang='lat' dir='ltr'>diuturna</span> <span class='ocrx_word' id='word_1_111' title='bbox 1345 868 1456 919; x_wconf 82' lang='lat' dir='ltr'>quies</span> <span class='ocrx_word' id='word_1_112' title='bbox 1476 881 1598 920; x_wconf 89' lang='lat' dir='ltr'>pepe-</span> 
     </span>
     <span class='ocr_line' id='line_1_14' title="bbox 141 923 1600 977; baseline 0.002 -16"><span class='ocrx_word' id='word_1_113' title='bbox 141 934 160 966; x_wconf 79' lang='lat'><strong><em>2</em></strong></span> <span class='ocrx_word' id='word_1_114' title='bbox 186 927 302 967; x_wconf 79' lang='lat' dir='ltr'>rerat‚</span> <span class='ocrx_word' id='word_1_115' title='bbox 324 927 487 974; x_wconf 89' lang='lat' dir='ltr'>repente</span> <span class='ocrx_word' id='word_1_116' title='bbox 509 923 638 961; x_wconf 89' lang='lat' dir='ltr'>omnis</span> <span class='ocrx_word' id='word_1_117' title='bbox 660 923 817 962; x_wconf 88' lang='lat' dir='ltr'>tristitia</span> <span class='ocrx_word' id='word_1_118' title='bbox 839 923 998 962; x_wconf 89' lang='lat' dir='ltr'>invasit:</span> <span class='ocrx_word' id='word_1_119' title='bbox 1029 924 1215 963; x_wconf 81' lang='lat' dir='ltr'>festinare</span> <span class='ocrx_word' id='word_1_120' title='bbox 1238 924 1445 975; x_wconf 87' lang='lat' dir='ltr'>trepidare,</span> <span class='ocrx_word' id='word_1_121' title='bbox 1469 937 1600 977; x_wconf 89' lang='lat' dir='ltr'>neque</span> 
     </span>
     <span class='ocr_line' id='line_1_15' title="bbox 185 979 1598 1032; baseline 0.001 -14"><span class='ocrx_word' id='word_1_122' title='bbox 185 979 269 1018; x_wconf 91' lang='lat' dir='ltr'>loco</span> <span class='ocrx_word' id='word_1_123' title='bbox 292 990 420 1030; x_wconf 91' lang='lat' dir='ltr'>neque</span> <span class='ocrx_word' id='word_1_124' title='bbox 440 979 589 1018; x_wconf 86' lang='lat' dir='ltr'>homini</span> <span class='ocrx_word' id='word_1_125' title='bbox 610 980 792 1031; x_wconf 88' lang='lat' dir='ltr'>cuiquam</span> <span class='ocrx_word' id='word_1_126' title='bbox 813 980 907 1019; x_wconf 90' lang='lat' dir='ltr'>satis</span> <span class='ocrx_word' id='word_1_127' title='bbox 937 979 1109 1026; x_wconf 88' lang='lat' dir='ltr'>credere,</span> <span class='ocrx_word' id='word_1_128' title='bbox 1137 992 1264 1031; x_wconf 89' lang='lat' dir='ltr'>neque</span> <span class='ocrx_word' id='word_1_129' title='bbox 1291 980 1439 1020; x_wconf 89' lang='lat' dir='ltr'>bellum</span> <span class='ocrx_word' id='word_1_130' title='bbox 1461 993 1598 1032; x_wconf 84' lang='lat' dir='ltr'>gerere</span> 
     </span>
     <span class='ocr_line' id='line_1_16' title="bbox 142 1035 1600 1087; baseline 0.001 -12"><span class='ocrx_word' id='word_1_131' title='bbox 142 1047 161 1079; x_wconf 88' lang='lat'><strong>3</strong></span> <span class='ocrx_word' id='word_1_132' title='bbox 187 1047 316 1086; x_wconf 89' lang='lat' dir='ltr'>neque</span> <span class='ocrx_word' id='word_1_133' title='bbox 337 1048 472 1087; x_wconf 86' lang='lat' dir='ltr'>pacem</span> <span class='ocrx_word' id='word_1_134' title='bbox 494 1035 650 1080; x_wconf 89' lang='lat' dir='ltr'>habere,</span> <span class='ocrx_word' id='word_1_135' title='bbox 672 1049 744 1075; x_wconf 86' lang='lat' dir='ltr'>suo</span> <span class='ocrx_word' id='word_1_136' title='bbox 767 1036 932 1087; x_wconf 90' lang='lat' dir='ltr'>quisque</span> <span class='ocrx_word' id='word_1_137' title='bbox 953 1042 1059 1075; x_wconf 85' lang='lat' dir='ltr'>metu</span> <span class='ocrx_word' id='word_1_138' title='bbox 1082 1037 1250 1087; x_wconf 84' lang='lat' dir='ltr'>pericula</span> <span class='ocrx_word' id='word_1_139' title='bbox 1272 1037 1413 1076; x_wconf 82' lang='lat' dir='ltr'>metiri.</span> <span class='ocrx_word' id='word_1_140' title='bbox 1445 1037 1503 1076; x_wconf 89' lang='lat' dir='ltr'>Ad</span> <span class='ocrx_word' id='word_1_141' title='bbox 1525 1038 1600 1078; x_wconf 89' lang='lat' dir='ltr'>hoc</span> 
     </span>
     <span class='ocr_line' id='line_1_17' title="bbox 189 1091 1599 1144; baseline 0.001 -13"><span class='ocrx_word' id='word_1_142' title='bbox 189 1091 389 1137; x_wconf 90' lang='lat' dir='ltr'>mulieres,</span> <span class='ocrx_word' id='word_1_143' title='bbox 412 1092 552 1144; x_wconf 91' lang='lat' dir='ltr'>quibus</span> <span class='ocrx_word' id='word_1_144' title='bbox 572 1093 629 1131; x_wconf 86' lang='lat' dir='ltr'>rei</span> <span class='ocrx_word' id='word_1_145' title='bbox 650 1092 827 1144; x_wconf 89' lang='lat' dir='ltr'>publicae</span> <span class='ocrx_word' id='word_1_146' title='bbox 851 1092 1121 1142; x_wconf 81' lang='lat' dir='ltr'>magnitudine</span> <span class='ocrx_word' id='word_1_147' title='bbox 1150 1092 1240 1131; x_wconf 89' lang='lat' dir='ltr'>belli</span> <span class='ocrx_word' id='word_1_148' title='bbox 1273 1093 1389 1132; x_wconf 87' lang='lat' dir='ltr'>timor</span> <span class='ocrx_word' id='word_1_149' title='bbox 1418 1094 1599 1134; x_wconf 87' lang='lat' dir='ltr'>insolitus</span> 
     </span>
     <span class='ocr_line' id='line_1_18' title="bbox 187 1148 1599 1199; baseline 0.002 -12"><span class='ocrx_word' id='word_1_150' title='bbox 187 1148 413 1194; x_wconf 79' lang='lat' dir='ltr'>incesserat,</span> <span class='ocrx_word' id='word_1_151' title='bbox 435 1148 631 1188; x_wconf 85' lang='lat' dir='ltr'>adflictare</span> <span class='ocrx_word' id='word_1_152' title='bbox 654 1161 753 1195; x_wconf 86' lang='lat' dir='ltr'>sese,</span> <span class='ocrx_word' id='word_1_153' title='bbox 778 1160 918 1188; x_wconf 90' lang='lat' dir='ltr'>manus</span> <span class='ocrx_word' id='word_1_154' title='bbox 941 1149 1134 1199; x_wconf 87' lang='lat' dir='ltr'>supplices</span> <span class='ocrx_word' id='word_1_155' title='bbox 1155 1149 1202 1188; x_wconf 90' lang='lat' dir='ltr'>ad</span> <span class='ocrx_word' id='word_1_156' title='bbox 1239 1149 1387 1188; x_wconf 85' lang='lat' dir='ltr'>caelum</span> <span class='ocrx_word' id='word_1_157' title='bbox 1424 1150 1599 1197; x_wconf 90' lang='lat' dir='ltr'>tendere,</span> 
     </span>
     <span class='ocr_line' id='line_1_19' title="bbox 188 1204 1600 1259; baseline 0.002 -16"><span class='ocrx_word' id='word_1_158' title='bbox 188 1204 368 1244; x_wconf 91' lang='lat' dir='ltr'>miserari</span> <span class='ocrx_word' id='word_1_159' title='bbox 387 1217 527 1256; x_wconf 88' lang='lat' dir='ltr'>parvos</span> <span class='ocrx_word' id='word_1_160' title='bbox 549 1205 704 1250; x_wconf 89' lang='lat' dir='ltr'>liberos,</span> <span class='ocrx_word' id='word_1_161' title='bbox 725 1205 906 1255; x_wconf 85' lang='lat' dir='ltr'>rogitare,</span> <span class='ocrx_word' id='word_1_162' title='bbox 928 1205 1058 1243; x_wconf 85' lang='lat' dir='ltr'>omnia</span> <span class='ocrx_word' id='word_1_163' title='bbox 1080 1217 1230 1256; x_wconf 87' lang='lat' dir='ltr'>pavere,</span> <span class='ocrx_word' id='word_1_164' title='bbox 1265 1205 1448 1257; x_wconf 88' lang='lat' dir='ltr'>superbia</span> <span class='ocrx_word' id='word_1_165' title='bbox 1484 1213 1600 1259; x_wconf 90' lang='lat' dir='ltr'>atque</span> 
     </span>
     <span class='ocr_line' id='line_1_20' title="bbox 189 1261 1079 1313; baseline 0.001 -13"><span class='ocrx_word' id='word_1_166' title='bbox 189 1261 336 1300; x_wconf 85' lang='lat' dir='ltr'>deliciis</span> <span class='ocrx_word' id='word_1_167' title='bbox 359 1261 515 1299; x_wconf 89' lang='lat' dir='ltr'>omissis</span> <span class='ocrx_word' id='word_1_168' title='bbox 543 1261 618 1299; x_wconf 92' lang='lat' dir='ltr'>sibi</span> <span class='ocrx_word' id='word_1_169' title='bbox 646 1261 870 1313; x_wconf 86' lang='lat' dir='ltr'>patriaeque</span> <span class='ocrx_word' id='word_1_170' title='bbox 892 1261 1079 1301; x_wconf 85' lang='lat' dir='ltr'>diffidere.</span> 
     </span>
    </p>

    <p class='ocr_par' dir='ltr' id='par_1_4' title="bbox 189 1317 1603 1426">
     <span class='ocr_line' id='line_1_21' title="bbox 299 1317 1603 1365; baseline 0.002 -10"><span class='ocrx_word' id='word_1_171' title='bbox 299 1317 348 1356; x_wconf 87' lang='lat' dir='ltr'>At</span> <span class='ocrx_word' id='word_1_172' title='bbox 371 1317 557 1356; x_wconf 89' lang='lat' dir='ltr'>Catilinae</span> <span class='ocrx_word' id='word_1_173' title='bbox 579 1318 748 1357; x_wconf 92' lang='lat' dir='ltr'>crudelis</span> <span class='ocrx_word' id='word_1_174' title='bbox 775 1318 929 1357; x_wconf 88' lang='lat' dir='ltr'>animus</span> <span class='ocrx_word' id='word_1_175' title='bbox 965 1317 1100 1356; x_wconf 91' lang='lat' dir='ltr'>eadem</span> <span class='ocrx_word' id='word_1_176' title='bbox 1129 1318 1192 1357; x_wconf 90' lang='lat' dir='ltr'>illa</span> <span class='ocrx_word' id='word_1_177' title='bbox 1228 1318 1421 1365; x_wconf 82' lang='lat' dir='ltr'>movebat,</span> <span class='ocrx_word' id='word_1_178' title='bbox 1449 1320 1603 1359; x_wconf 85' lang='lat' dir='ltr'>tametsi</span> 
     </span>
     <span class='ocr_line' id='line_1_22' title="bbox 189 1373 1597 1426; baseline 0.001 -14"><span class='ocrx_word' id='word_1_179' title='bbox 189 1373 380 1424; x_wconf 89' lang='lat' dir='ltr'>praesidia</span> <span class='ocrx_word' id='word_1_180' title='bbox 400 1373 641 1425; x_wconf 89' lang='lat' dir='ltr'>parabantur</span> <span class='ocrx_word' id='word_1_181' title='bbox 663 1379 702 1412; x_wconf 91' lang='lat' dir='ltr'>et</span> <span class='ocrx_word' id='word_1_182' title='bbox 728 1374 811 1425; x_wconf 90' lang='lat' dir='ltr'>ipse</span> <span class='ocrx_word' id='word_1_183' title='bbox 848 1375 932 1425; x_wconf 86' lang='lat' dir='ltr'>lege</span> <span class='ocrx_word' id='word_1_184' title='bbox 953 1374 1104 1413; x_wconf 85' lang='lat' dir='ltr'>Plautia</span> <span class='ocrx_word' id='word_1_185' title='bbox 1140 1375 1403 1426; x_wconf 86' lang='lat' dir='ltr'>interrogatus</span> <span class='ocrx_word' id='word_1_186' title='bbox 1434 1382 1517 1415; x_wconf 90' lang='lat' dir='ltr'>erat</span> <span class='ocrx_word' id='word_1_187' title='bbox 1550 1375 1597 1416; x_wconf 87' lang='lat' dir='ltr'>ab</span> 
     </span>
    </p>
   </div>
   <div class='ocr_carea' id='block_1_3' title="bbox 188 1430 388 1470">
    <p class='ocr_par' dir='ltr' id='par_1_5' title="bbox 188 1430 388 1470">
     <span class='ocr_line' id='line_1_23' title="bbox 188 1430 388 1470; baseline 0.005 -2"><span class='ocrx_word' id='word_1_188' title='bbox 188 1430 230 1468; x_wconf 92' lang='lat' dir='ltr'>L.</span> <span class='ocrx_word' id='word_1_189' title='bbox 253 1430 388 1470; x_wconf 82' lang='lat' dir='ltr'>Paule.</span> 
     </span>
    </p>
   </div>
   <div class='ocr_carea' id='block_1_4' title="bbox 188 1509 862 2635">
    <p class='ocr_par' dir='ltr' id='par_1_6' title="bbox 188 1509 858 1685">
     <span class='ocr_line' id='line_1_24' title="bbox 188 1509 857 1549; baseline -0.003 -7"><span class='ocrx_word' id='word_1_190' title='bbox 188 1509 360 1542; x_wconf 87' lang='lat' dir='ltr'>erfochten</span> <span class='ocrx_word' id='word_1_191' title='bbox 377 1519 510 1549; x_wconf 82' lang='lat' dir='ltr'>waren,</span> <span class='ocrx_word' id='word_1_192' title='bbox 533 1509 657 1541; x_wconf 88' lang='lat' dir='ltr'>konnte</span> <span class='ocrx_word' id='word_1_193' title='bbox 690 1509 749 1541; x_wconf 88' lang='lat' dir='ltr'>der</span> <span class='ocrx_word' id='word_1_194' title='bbox 777 1509 857 1541; x_wconf 85' lang='lat' dir='ltr'>Tri-</span> 
     </span>
     <span class='ocr_line' id='line_1_25' title="bbox 188 1554 856 1597; baseline -0.001 -10"><span class='ocrx_word' id='word_1_195' title='bbox 188 1556 287 1597; x_wconf 85' lang='lat' dir='ltr'>umph</span> <span class='ocrx_word' id='word_1_196' title='bbox 301 1555 508 1595; x_wconf 84' lang='lat' dir='ltr'>verweigert</span> <span class='ocrx_word' id='word_1_197' title='bbox 521 1555 669 1586; x_wconf 85' lang='lat' dir='ltr'>werden.</span> <span class='ocrx_word' id='word_1_198' title='bbox 697 1554 856 1586; x_wconf 88' lang='lat' dir='ltr'>Metellus</span> 
     </span>
     <span class='ocr_line' id='line_1_26' title="bbox 189 1599 855 1642; baseline -0.002 -10"><span class='ocrx_word' id='word_1_199' title='bbox 189 1600 409 1642; x_wconf 83' lang='lat' dir='ltr'>triumphirte</span> <span class='ocrx_word' id='word_1_200' title='bbox 439 1599 593 1632; x_wconf 85' lang='lat' dir='ltr'>indessen</span> <span class='ocrx_word' id='word_1_201' title='bbox 623 1599 757 1631; x_wconf 78' lang='lat' dir='ltr'>endlich</span> <span class='ocrx_word' id='word_1_202' title='bbox 790 1599 855 1631; x_wconf 87' lang='grc'>692</span> 
     </span>
     <span class='ocr_line' id='line_1_27' title="bbox 189 1644 858 1685; baseline -0.001 -8"><span class='ocrx_word' id='word_1_203' title='bbox 189 1645 259 1685; x_wconf 86' lang='grc'>(62)</span> <span class='ocrx_word' id='word_1_204' title='bbox 270 1656 300 1677; x_wconf 91' lang='lat' dir='ltr'>u.</span> <span class='ocrx_word' id='word_1_205' title='bbox 310 1645 434 1677; x_wconf 87' lang='lat' dir='ltr'>erhielt</span> <span class='ocrx_word' id='word_1_206' title='bbox 443 1645 538 1677; x_wconf 87' lang='lat' dir='ltr'>dabei</span> <span class='ocrx_word' id='word_1_207' title='bbox 547 1645 577 1676; x_wconf 90' lang='lat' dir='ltr'>d.</span> <span class='ocrx_word' id='word_1_208' title='bbox 588 1645 680 1677; x_wconf 88' lang='lat' dir='ltr'>Bein.</span> <span class='ocrx_word' id='word_1_209' title='bbox 691 1644 858 1676; x_wconf 81' lang='lat' dir='ltr'>Creticus.</span> 
     </span>
    </p>

    <p class='ocr_par' dir='ltr' id='par_1_7' title="bbox 189 1688 857 1776">
     <span class='ocr_line' id='line_1_28' title="bbox 234 1688 857 1732; baseline -0.002 -10"><span class='ocrx_word' id='word_1_210' title='bbox 234 1691 355 1732; x_wconf 78' lang='lat' dir='ltr'>quibus</span> <span class='ocrx_word' id='word_1_211' title='bbox 378 1715 385 1722; x_wconf 96' lang='lat'>.</span> <span class='ocrx_word' id='word_1_212' title='bbox 405 1715 411 1721; x_wconf 94' lang='lat'>.</span> <span class='ocrx_word' id='word_1_213' title='bbox 434 1716 440 1721; x_wconf 95' lang='lat'>.</span> <span class='ocrx_word' id='word_1_214' title='bbox 469 1700 543 1722; x_wconf 75' lang='lat' dir='ltr'>mos</span> <span class='ocrx_word' id='word_1_215' title='bbox 571 1693 658 1722; x_wconf 83' lang='lat' dir='ltr'>erat:</span> <span class='ocrx_word' id='word_1_216' title='bbox 689 1690 757 1731; x_wconf 88' lang='lat' dir='ltr'>vgl.</span> <span class='ocrx_word' id='word_1_217' title='bbox 787 1688 857 1731; x_wconf 85' lang='lat' dir='ltr'>lug.</span> 
     </span>
     <span class='ocr_line' id='line_1_29' title="bbox 189 1735 444 1776; baseline -0.004 -9"><span class='ocrx_word' id='word_1_218' title='bbox 189 1736 244 1776; x_wconf 87' lang='lat'>31,</span> <span class='ocrx_word' id='word_1_219' title='bbox 264 1736 324 1775; x_wconf 78' lang='lat'>123</span> <span class='ocrx_word' id='word_1_220' title='bbox 342 1735 396 1776; x_wconf 90' lang='lat'>80,</span> <span class='ocrx_word' id='word_1_221' title='bbox 414 1737 444 1767; x_wconf 87' lang='lat'>5.</span> 
     </span>
    </p>

    <p class='ocr_par' dir='ltr' id='par_1_8' title="bbox 189 1779 856 1903">
     <span class='ocr_line' id='line_1_30' title="bbox 235 1779 856 1823; baseline -0.003 -10"><span class='ocrx_word' id='word_1_222' title='bbox 235 1782 265 1813; x_wconf 89' lang='lat'>5.</span> <span class='ocrx_word' id='word_1_223' title='bbox 284 1781 402 1823; x_wconf 83' lang='lat' dir='ltr'>Pomp.</span> <span class='ocrx_word' id='word_1_224' title='bbox 415 1780 548 1822; x_wconf 79' lang='lat' dir='ltr'>Rufus:</span> <span class='ocrx_word' id='word_1_225' title='bbox 564 1780 675 1821; x_wconf 82' lang='lat' dir='ltr'>wenig</span> <span class='ocrx_word' id='word_1_226' title='bbox 692 1779 856 1821; x_wconf 82' lang='lat' dir='ltr'>bekannt3</span> 
     </span>
     <span class='ocr_line' id='line_1_31' title="bbox 189 1824 856 1867; baseline -0.001 -10"><span class='ocrx_word' id='word_1_227' title='bbox 189 1826 392 1858; x_wconf 77' lang='lat' dir='ltr'>verwaltete</span> <span class='ocrx_word' id='word_1_228' title='bbox 409 1827 524 1867; x_wconf 69' lang='lat' dir='ltr'>spiiter</span> <span class='ocrx_word' id='word_1_229' title='bbox 542 1825 606 1857; x_wconf 87' lang='grc'>693</span> <span class='ocrx_word' id='word_1_230' title='bbox 623 1826 692 1865; x_wconf 76' lang='grc'>(61)</span> <span class='ocrx_word' id='word_1_231' title='bbox 711 1825 741 1856; x_wconf 87' lang='lat' dir='ltr'>d.</span> <span class='ocrx_word' id='word_1_232' title='bbox 756 1824 856 1857; x_wconf 86' lang='lat' dir='ltr'>Prov.</span> 
     </span>
     <span class='ocr_line' id='line_1_32' title="bbox 189 1869 318 1903; baseline -0.008 0"><span class='ocrx_word' id='word_1_233' title='bbox 189 1869 318 1903; x_wconf 81' lang='lat' dir='ltr'>Africa.</span> 
     </span>
    </p>

    <p class='ocr_par' dir='ltr' id='par_1_9' title="bbox 189 1914 859 2183">
     <span class='ocr_line' id='line_1_33' title="bbox 234 1914 857 1957; baseline -0.003 -9"><span class='ocrx_word' id='word_1_234' title='bbox 234 1915 314 1949; x_wconf 79' lang='lat' dir='ltr'>Met.</span> <span class='ocrx_word' id='word_1_235' title='bbox 347 1915 459 1947; x_wconf 88' lang='lat' dir='ltr'>Celer:</span> <span class='ocrx_word' id='word_1_236' title='bbox 495 1915 589 1947; x_wconf 86' lang='lat' dir='ltr'>hatte</span> <span class='ocrx_word' id='word_1_237' title='bbox 617 1919 716 1946; x_wconf 83' lang='lat' dir='ltr'>unter</span> <span class='ocrx_word' id='word_1_238' title='bbox 746 1914 857 1957; x_wconf 88' lang='lat' dir='ltr'>Pomp.</span> 
     </span>
     <span class='ocr_line' id='line_1_34' title="bbox 189 1959 858 2003; baseline -0.001 -10"><span class='ocrx_word' id='word_1_239' title='bbox 189 1961 224 1994; x_wconf 92' lang='lat' dir='ltr'>in</span> <span class='ocrx_word' id='word_1_240' title='bbox 264 1960 368 1993; x_wconf 87' lang='lat' dir='ltr'>Asien</span> <span class='ocrx_word' id='word_1_241' title='bbox 411 1959 579 2003; x_wconf 68' lang='lat' dir='ltr'>gekiimpst</span> <span class='ocrx_word' id='word_1_242' title='bbox 598 1972 606 2000; x_wconf 84' lang='lat'>3</span> <span class='ocrx_word' id='word_1_243' title='bbox 660 1960 858 1992; x_wconf 87' lang='lat' dir='ltr'>verwaltete</span> 
     </span>
     <span class='ocr_line' id='line_1_35' title="bbox 190 2005 859 2049; baseline -0.003 -11"><span class='ocrx_word' id='word_1_244' title='bbox 190 2007 304 2049; x_wconf 69' lang='lat' dir='ltr'>spiiter</span> <span class='ocrx_word' id='word_1_245' title='bbox 321 2006 387 2038; x_wconf 78' lang='lat'>692</span> <span class='ocrx_word' id='word_1_246' title='bbox 407 2005 475 2046; x_wconf 89' lang='grc'>(62)</span> <span class='ocrx_word' id='word_1_247' title='bbox 500 2006 561 2038; x_wconf 90' lang='lat' dir='ltr'>mit</span> <span class='ocrx_word' id='word_1_248' title='bbox 577 2005 648 2038; x_wconf 88' lang='lat' dir='ltr'>dem</span> <span class='ocrx_word' id='word_1_249' title='bbox 665 2005 759 2037; x_wconf 83' lang='lat' dir='ltr'>Titel</span> <span class='ocrx_word' id='word_1_250' title='bbox 776 2005 859 2037; x_wconf 88' lang='lat' dir='ltr'>Pro-</span> 
     </span>
     <span class='ocr_line' id='line_1_36' title="bbox 190 2049 859 2091; baseline -0.004 -7"><span class='ocrx_word' id='word_1_251' title='bbox 190 2052 307 2084; x_wconf 89' lang='lat' dir='ltr'>consul</span> <span class='ocrx_word' id='word_1_252' title='bbox 326 2051 380 2083; x_wconf 86' lang='lat' dir='ltr'>die</span> <span class='ocrx_word' id='word_1_253' title='bbox 397 2061 463 2083; x_wconf 87' lang='lat' dir='ltr'>von</span> <span class='ocrx_word' id='word_1_254' title='bbox 482 2049 550 2084; x_wconf 89' lang='lat' dir='ltr'>Cic.</span> <span class='ocrx_word' id='word_1_255' title='bbox 569 2051 785 2091; x_wconf 85' lang='lat' dir='ltr'>abgetretene</span> <span class='ocrx_word' id='word_1_256' title='bbox 804 2051 859 2090; x_wconf 91' lang='lat' dir='ltr'>(zu</span> 
     </span>
     <span class='ocr_line' id='line_1_37' title="bbox 192 2095 859 2139; baseline -0.003 -10"><span class='ocrx_word' id='word_1_257' title='bbox 192 2097 245 2136; x_wconf 79' lang='lat'>26,</span> <span class='ocrx_word' id='word_1_258' title='bbox 265 2097 297 2137; x_wconf 88' lang='grc'>4)</span> <span class='ocrx_word' id='word_1_259' title='bbox 314 2095 741 2139; x_wconf 79' lang='lat' dir='ltr'>Consularprov.Gallien;</span> <span class='ocrx_word' id='word_1_260' title='bbox 760 2095 859 2128; x_wconf 90' lang='lat' dir='ltr'>Cous.</span> 
     </span>
     <span class='ocr_line' id='line_1_38' title="bbox 191 2142 356 2183; baseline -0.006 -9"><span class='ocrx_word' id='word_1_261' title='bbox 191 2142 257 2174; x_wconf 82' lang='grc'>694</span> <span class='ocrx_word' id='word_1_262' title='bbox 276 2142 356 2183; x_wconf 87' lang='grc'>(60).</span> 
     </span>
    </p>

    <p class='ocr_par' dir='ltr' id='par_1_10' title="bbox 191 2184 861 2400">
     <span class='ocr_line' id='line_1_39' title="bbox 237 2184 861 2229; baseline -0.002 -11"><span class='ocrx_word' id='word_1_263' title='bbox 237 2187 268 2218; x_wconf 91' lang='grc'>6.</span> <span class='ocrx_word' id='word_1_264' title='bbox 291 2188 486 2229; x_wconf 80' lang='lat' dir='ltr'>praemium</span> <span class='ocrx_word' id='word_1_265' title='bbox 503 2191 567 2218; x_wconf 87' lang='lat' dir='ltr'>etc.</span> <span class='ocrx_word' id='word_1_266' title='bbox 591 2186 658 2218; x_wconf 80' lang='lat' dir='ltr'>Das</span> <span class='ocrx_word' id='word_1_267' title='bbox 676 2184 779 2218; x_wconf 85' lang='lat' dir='ltr'>Verb.</span> <span class='ocrx_word' id='word_1_268' title='bbox 804 2185 861 2217; x_wconf 86' lang='lat' dir='ltr'>de-</span> 
     </span>
     <span class='ocr_line' id='line_1_40' title="bbox 191 2231 861 2273; baseline -0.001 -9"><span class='ocrx_word' id='word_1_269' title='bbox 191 2242 324 2265; x_wconf 85' lang='lat' dir='ltr'>crevere</span> <span class='ocrx_word' id='word_1_270' title='bbox 341 2243 400 2264; x_wconf 91' lang='lat' dir='ltr'>aus</span> <span class='ocrx_word' id='word_1_271' title='bbox 426 2233 498 2264; x_wconf 86' lang='lat' dir='ltr'>dem</span> <span class='ocrx_word' id='word_1_272' title='bbox 517 2231 709 2273; x_wconf 85' lang='lat' dir='ltr'>Folgenden</span> <span class='ocrx_word' id='word_1_273' title='bbox 727 2241 769 2262; x_wconf 90' lang='lat' dir='ltr'>zu</span> <span class='ocrx_word' id='word_1_274' title='bbox 786 2235 861 2263; x_wconf 88' lang='lat' dir='ltr'>ent-</span> 
     </span>
     <span class='ocr_line' id='line_1_41' title="bbox 193 2275 859 2318; baseline -0.002 -9"><span class='ocrx_word' id='word_1_275' title='bbox 193 2279 349 2317; x_wconf 80' lang='lat' dir='ltr'>nehmen3</span> <span class='ocrx_word' id='word_1_276' title='bbox 379 2277 431 2309; x_wconf 88' lang='lat' dir='ltr'>die</span> <span class='ocrx_word' id='word_1_277' title='bbox 456 2278 658 2318; x_wconf 82' lang='lat' dir='ltr'>geringeren</span> <span class='ocrx_word' id='word_1_278' title='bbox 676 2275 859 2309; x_wconf 87' lang='lat' dir='ltr'>Handschr.</span> 
     </span>
     <span class='ocr_line' id='line_1_42' title="bbox 192 2322 860 2366; baseline -0.001 -12"><span class='ocrx_word' id='word_1_279' title='bbox 192 2322 293 2363; x_wconf 83' lang='lat' dir='ltr'>fiigen</span> <span class='ocrx_word' id='word_1_280' title='bbox 312 2333 347 2355; x_wconf 91' lang='lat' dir='ltr'>es</span> <span class='ocrx_word' id='word_1_281' title='bbox 365 2323 439 2355; x_wconf 86' lang='lat' dir='ltr'>hier</span> <span class='ocrx_word' id='word_1_282' title='bbox 457 2324 541 2355; x_wconf 87' lang='lat' dir='ltr'>nach</span> <span class='ocrx_word' id='word_1_283' title='bbox 555 2323 744 2366; x_wconf 84' lang='lat' dir='ltr'>praemium</span> <span class='ocrx_word' id='word_1_284' title='bbox 776 2322 860 2354; x_wconf 87' lang='lat' dir='ltr'>noch</span> 
     </span>
     <span class='ocr_line' id='line_1_43' title="bbox 193 2368 404 2400; baseline 0.005 -1"><span class='ocrx_word' id='word_1_285' title='bbox 193 2368 315 2400; x_wconf 87' lang='lat' dir='ltr'>einmal</span> <span class='ocrx_word' id='word_1_286' title='bbox 340 2369 404 2400; x_wconf 91' lang='lat' dir='ltr'>ein.</span> 
     </span>
    </p>

    <p class='ocr_par' dir='ltr' id='par_1_11' title="bbox 193 2411 862 2581">
     <span class='ocr_line' id='line_1_44' title="bbox 238 2411 858 2445; baseline 0.002 -1"><span class='ocrx_word' id='word_1_287' title='bbox 238 2416 408 2445; x_wconf 79' lang='lat' dir='ltr'>sestertia:</span> <span class='ocrx_word' id='word_1_288' title='bbox 437 2413 501 2444; x_wconf 86' lang='lat' dir='ltr'>Ein</span> <span class='ocrx_word' id='word_1_289' title='bbox 519 2414 715 2445; x_wconf 80' lang='lat' dir='ltr'>sestertium</span> <span class='ocrx_word' id='word_1_290' title='bbox 732 2425 753 2438; x_wconf 97' lang='lat'><strong><em>=</em></strong></span> <span class='ocrx_word' id='word_1_291' title='bbox 774 2411 858 2445; x_wconf 87' lang='lat'>1000</span> 
     </span>
     <span class='ocr_line' id='line_1_45' title="bbox 193 2456 861 2502; baseline -0.001 -12"><span class='ocrx_word' id='word_1_292' title='bbox 193 2460 356 2498; x_wconf 74' lang='lat' dir='ltr'>sestertii,</span> <span class='ocrx_word' id='word_1_293' title='bbox 382 2458 509 2490; x_wconf 84' lang='lat' dir='ltr'>damals</span> <span class='ocrx_word' id='word_1_294' title='bbox 533 2469 639 2500; x_wconf 83' lang='lat' dir='ltr'>gegen</span> <span class='ocrx_word' id='word_1_295' title='bbox 668 2457 744 2502; x_wconf 63' lang='lat'>5824</span> <span class='ocrx_word' id='word_1_296' title='bbox 766 2456 861 2489; x_wconf 88' lang='lat' dir='ltr'>Thlr.</span> 
     </span>
     <span class='ocr_line' id='line_1_46' title="bbox 197 2502 862 2548; baseline -0.002 -13"><span class='ocrx_word' id='word_1_297' title='bbox 197 2503 325 2546; x_wconf 78' lang='lat' dir='ltr'>preul&#39;s.</span> <span class='ocrx_word' id='word_1_298' title='bbox 343 2518 365 2530; x_wconf 96' lang='lat'><strong><em>=</em></strong></span> <span class='ocrx_word' id='word_1_299' title='bbox 386 2503 483 2548; x_wconf 62' lang='lat'>10224&#39;</span> <span class='ocrx_word' id='word_1_300' title='bbox 512 2502 587 2535; x_wconf 89' lang='lat' dir='ltr'>Gld.</span> <span class='ocrx_word' id='word_1_301' title='bbox 617 2503 775 2536; x_wconf 85' lang='lat' dir='ltr'>vereinsl.</span> <span class='ocrx_word' id='word_1_302' title='bbox 790 2502 862 2535; x_wconf 85' lang='lat'>=88</span> 
     </span>
     <span class='ocr_line' id='line_1_47' title="bbox 196 2547 490 2581; baseline -0.003 0"><span class='ocrx_word' id='word_1_303' title='bbox 196 2547 272 2581; x_wconf 88' lang='lat' dir='ltr'>Gld.</span> <span class='ocrx_word' id='word_1_304' title='bbox 291 2549 490 2581; x_wconf 64' lang='lat' dir='ltr'>osterreich.</span> 
     </span>
    </p>

    <p class='ocr_par' dir='ltr' id='par_1_12' title="bbox 243 2593 861 2635">
     <span class='ocr_line' id='line_1_48' title="bbox 243 2593 861 2635; baseline -0.002 -9"><span class='ocrx_word' id='word_1_305' title='bbox 243 2595 272 2626; x_wconf 87' lang='lat'>7.</span> <span class='ocrx_word' id='word_1_306' title='bbox 299 2595 448 2626; x_wconf 75' lang='lat' dir='ltr'>minores</span> <span class='ocrx_word' id='word_1_307' title='bbox 465 2595 708 2635; x_wconf 75' lang='lat' dir='ltr'>magistratus:</span> <span class='ocrx_word' id='word_1_308' title='bbox 728 2593 761 2625; x_wconf 87' lang='lat' dir='ltr'>in</span> <span class='ocrx_word' id='word_1_309' title='bbox 779 2593 861 2625; x_wconf 85' lang='lat' dir='ltr'>wei-</span> 
     </span>
    </p>
   </div>
   <div class='ocr_carea' id='block_1_5' title="bbox 929 1509 1602 2635">
    <p class='ocr_par' dir='ltr' id='par_1_13' title="bbox 929 1509 1602 1865">
     <span class='ocr_line' id='line_1_49' title="bbox 930 1509 1602 1550; baseline 0.001 -9"><span class='ocrx_word' id='word_1_310' title='bbox 930 1514 1025 1541; x_wconf 88' lang='lat' dir='ltr'>teren</span> <span class='ocrx_word' id='word_1_311' title='bbox 1054 1509 1155 1541; x_wconf 83' lang='lat' dir='ltr'>Sinae</span> <span class='ocrx_word' id='word_1_312' title='bbox 1183 1509 1250 1540; x_wconf 85' lang='lat' dir='ltr'>alle</span> <span class='ocrx_word' id='word_1_313' title='bbox 1280 1509 1456 1550; x_wconf 67' lang='lat' dir='ltr'>standigen</span> <span class='ocrx_word' id='word_1_314' title='bbox 1492 1509 1602 1550; x_wconf 84' lang='lat' dir='ltr'>Magi-</span> 
     </span>
     <span class='ocr_line' id='line_1_50' title="bbox 930 1553 1596 1594; baseline 0.002 -9"><span class='ocrx_word' id='word_1_315' title='bbox 930 1558 1038 1586; x_wconf 84' lang='lat' dir='ltr'>strate</span> <span class='ocrx_word' id='word_1_316' title='bbox 1072 1553 1187 1586; x_wconf 78' lang='lat' dir='ltr'>ausser</span> <span class='ocrx_word' id='word_1_317' title='bbox 1220 1553 1378 1594; x_wconf 88' lang='lat' dir='ltr'>Consuln,</span> <span class='ocrx_word' id='word_1_318' title='bbox 1412 1554 1596 1587; x_wconf 83' lang='lat' dir='ltr'>Praetoren</span> 
     </span>
     <span class='ocr_line' id='line_1_51' title="bbox 929 1599 1600 1641; baseline 0.003 -11"><span class='ocrx_word' id='word_1_319' title='bbox 929 1600 995 1630; x_wconf 87' lang='lat' dir='ltr'>und</span> <span class='ocrx_word' id='word_1_320' title='bbox 1029 1599 1220 1638; x_wconf 81' lang='lat' dir='ltr'>Censoreu3</span> <span class='ocrx_word' id='word_1_321' title='bbox 1255 1600 1299 1631; x_wconf 90' lang='lat' dir='ltr'>im</span> <span class='ocrx_word' id='word_1_322' title='bbox 1332 1609 1498 1641; x_wconf 83' lang='lat' dir='ltr'>engeren,</span> <span class='ocrx_word' id='word_1_323' title='bbox 1533 1600 1600 1632; x_wconf 73' lang='lat' dir='ltr'>wie</span> 
     </span>
     <span class='ocr_line' id='line_1_52' title="bbox 930 1644 1600 1686; baseline 0 -10"><span class='ocrx_word' id='word_1_324' title='bbox 930 1644 1018 1676; x_wconf 88' lang='lat' dir='ltr'>wohl</span> <span class='ocrx_word' id='word_1_325' title='bbox 1045 1644 1130 1686; x_wconf 85' lang='lat' dir='ltr'>hier,</span> <span class='ocrx_word' id='word_1_326' title='bbox 1159 1644 1214 1676; x_wconf 89' lang='lat' dir='ltr'>die</span> <span class='ocrx_word' id='word_1_327' title='bbox 1244 1644 1402 1676; x_wconf 87' lang='lat' dir='ltr'>niederen</span> <span class='ocrx_word' id='word_1_328' title='bbox 1431 1645 1600 1686; x_wconf 82' lang='lat' dir='ltr'>Beamten,</span> 
     </span>
     <span class='ocr_line' id='line_1_53' title="bbox 930 1689 1601 1734; baseline 0.001 -13"><span class='ocrx_word' id='word_1_329' title='bbox 930 1694 1030 1721; x_wconf 83' lang='lat' dir='ltr'>unter</span> <span class='ocrx_word' id='word_1_330' title='bbox 1059 1689 1164 1722; x_wconf 85' lang='lat' dir='ltr'>denen</span> <span class='ocrx_word' id='word_1_331' title='bbox 1195 1689 1249 1722; x_wconf 85' lang='lat' dir='ltr'>die</span> <span class='ocrx_word' id='word_1_332' title='bbox 1277 1691 1412 1722; x_wconf 78' lang='lat' dir='ltr'>tresviri</span> <span class='ocrx_word' id='word_1_333' title='bbox 1439 1689 1601 1734; x_wconf 69' lang='lat' dir='ltr'>capitales</span> 
     </span>
     <span class='ocr_line' id='line_1_54' title="bbox 932 1734 1600 1775; baseline 0.001 -9"><span class='ocrx_word' id='word_1_334' title='bbox 932 1735 999 1766; x_wconf 91' lang='lat' dir='ltr'>und</span> <span class='ocrx_word' id='word_1_335' title='bbox 1031 1736 1167 1767; x_wconf 73' lang='lat' dir='ltr'>tresviri</span> <span class='ocrx_word' id='word_1_336' title='bbox 1192 1736 1348 1766; x_wconf 77' lang='lat' dir='ltr'>nocturni</span> <span class='ocrx_word' id='word_1_337' title='bbox 1376 1734 1484 1775; x_wconf 85' lang='lat' dir='ltr'>(beide</span> <span class='ocrx_word' id='word_1_338' title='bbox 1513 1735 1600 1767; x_wconf 84' lang='lat' dir='ltr'>viel-</span> 
     </span>
     <span class='ocr_line' id='line_1_55' title="bbox 930 1779 1601 1820; baseline 0.001 -9"><span class='ocrx_word' id='word_1_339' title='bbox 930 1781 1033 1812; x_wconf 86' lang='lat' dir='ltr'>leicht</span> <span class='ocrx_word' id='word_1_340' title='bbox 1050 1779 1229 1820; x_wconf 87' lang='lat' dir='ltr'>identisch)</span> <span class='ocrx_word' id='word_1_341' title='bbox 1246 1780 1446 1812; x_wconf 82' lang='lat' dir='ltr'>namentlich</span> <span class='ocrx_word' id='word_1_342' title='bbox 1459 1791 1525 1812; x_wconf 87' lang='lat' dir='ltr'>von</span> <span class='ocrx_word' id='word_1_343' title='bbox 1542 1782 1601 1812; x_wconf 77' lang='lat' dir='ltr'>Be-</span> 
     </span>
     <span class='ocr_line' id='line_1_56' title="bbox 930 1826 1220 1865; baseline -0.003 -9"><span class='ocrx_word' id='word_1_344' title='bbox 930 1826 1079 1865; x_wconf 86' lang='lat' dir='ltr'>deutung</span> <span class='ocrx_word' id='word_1_345' title='bbox 1096 1834 1220 1857; x_wconf 86' lang='lat' dir='ltr'>waren.</span> 
     </span>
    </p>

    <p class='ocr_par' dir='ltr' id='par_1_14' title="bbox 930 1864 1601 2452">
     <span class='ocr_line' id='line_1_57' title="bbox 975 1864 1600 1911; baseline 0 -9"><span class='ocrx_word' id='word_1_346' title='bbox 975 1864 1042 1902; x_wconf 83' lang='lat'>31.</span> <span class='ocrx_word' id='word_1_347' title='bbox 1075 1871 1106 1901; x_wconf 90' lang='lat'>3.</span> <span class='ocrx_word' id='word_1_348' title='bbox 1139 1869 1397 1911; x_wconf 78' lang='lat' dir='ltr'>magnitudine.-</span> <span class='ocrx_word' id='word_1_349' title='bbox 1435 1880 1600 1911; x_wconf 77' lang='lat' dir='ltr'>gramma-</span> 
     </span>
     <span class='ocr_line' id='line_1_58' title="bbox 930 1914 1599 1948; baseline 0.003 -2"><span class='ocrx_word' id='word_1_350' title='bbox 930 1915 1017 1947; x_wconf 86' lang='lat' dir='ltr'>tisch</span> <span class='ocrx_word' id='word_1_351' title='bbox 1033 1915 1090 1946; x_wconf 77' lang='lat' dir='ltr'>als·</span> <span class='ocrx_word' id='word_1_352' title='bbox 1101 1914 1177 1946; x_wconf 88' lang='lat' dir='ltr'>Abl.</span> <span class='ocrx_word' id='word_1_353' title='bbox 1201 1925 1292 1947; x_wconf 85' lang='lat' dir='ltr'>caus.</span> <span class='ocrx_word' id='word_1_354' title='bbox 1309 1915 1371 1947; x_wconf 88' lang='lat' dir='ltr'>mit</span> <span class='ocrx_word' id='word_1_355' title='bbox 1382 1915 1541 1948; x_wconf 66' lang='lat' dir='ltr'>insolitus</span> <span class='ocrx_word' id='word_1_356' title='bbox 1558 1927 1599 1948; x_wconf 91' lang='lat' dir='ltr'>zu</span> 
     </span>
     <span class='ocr_line' id='line_1_59' title="bbox 932 1959 1601 1999; baseline 0 -6"><span class='ocrx_word' id='word_1_357' title='bbox 932 1960 1132 1999; x_wconf 81' lang='lat' dir='ltr'>verbinden3</span> <span class='ocrx_word' id='word_1_358' title='bbox 1163 1960 1234 1992; x_wconf 87' lang='lat' dir='ltr'>dem</span> <span class='ocrx_word' id='word_1_359' title='bbox 1263 1959 1366 1992; x_wconf 86' lang='lat' dir='ltr'>Sinne</span> <span class='ocrx_word' id='word_1_360' title='bbox 1395 1960 1480 1993; x_wconf 85' lang='lat' dir='ltr'>nach</span> <span class='ocrx_word' id='word_1_361' title='bbox 1508 1961 1601 1993; x_wconf 87' lang='lat' dir='ltr'>nicht</span> 
     </span>
     <span class='ocr_line' id='line_1_60' title="bbox 931 2003 1600 2048; baseline 0 -10"><span class='ocrx_word' id='word_1_362' title='bbox 931 2005 1204 2038; x_wconf 84' lang='lat' dir='ltr'>ausschliel&#39;slich</span> <span class='ocrx_word' id='word_1_363' title='bbox 1214 2015 1278 2037; x_wconf 89' lang='lat' dir='ltr'>von</span> <span class='ocrx_word' id='word_1_364' title='bbox 1295 2006 1355 2038; x_wconf 90' lang='lat' dir='ltr'>der</span> <span class='ocrx_word' id='word_1_365' title='bbox 1363 2003 1600 2048; x_wconf 78' lang='lat' dir='ltr'>Ausdehnung,</span> 
     </span>
     <span class='ocr_line' id='line_1_61' title="bbox 932 2051 1598 2084; baseline 0 -2"><span class='ocrx_word' id='word_1_366' title='bbox 932 2051 1078 2082; x_wconf 87' lang='lat' dir='ltr'>sondern</span> <span class='ocrx_word' id='word_1_367' title='bbox 1093 2051 1255 2083; x_wconf 69' lang='lat' dir='ltr'>zuniichst</span> <span class='ocrx_word' id='word_1_368' title='bbox 1267 2061 1332 2083; x_wconf 92' lang='lat' dir='ltr'>von</span> <span class='ocrx_word' id='word_1_369' title='bbox 1345 2051 1405 2083; x_wconf 86' lang='lat' dir='ltr'>der</span> <span class='ocrx_word' id='word_1_370' title='bbox 1419 2051 1486 2083; x_wconf 87' lang='lat' dir='ltr'>iun</span> <span class='ocrx_word' id='word_1_371' title='bbox 1496 2061 1513 2084; x_wconf 87' lang='lat' dir='ltr'>e</span> <span class='ocrx_word' id='word_1_372' title='bbox 1523 2061 1568 2083; x_wconf 84' lang='lat' dir='ltr'>re</span> <span class='ocrx_word' id='word_1_373' title='bbox 1579 2062 1598 2082; x_wconf 92' lang='lat' dir='ltr'>n</span> 
     </span>
     <span class='ocr_line' id='line_1_62' title="bbox 934 2094 1600 2138; baseline 0.002 -11"><span class='ocrx_word' id='word_1_374' title='bbox 934 2095 1055 2128; x_wconf 83' lang='lat' dir='ltr'>Grb&#39;sse</span> <span class='ocrx_word' id='word_1_375' title='bbox 1088 2096 1152 2127; x_wconf 91' lang='lat' dir='ltr'>und</span> <span class='ocrx_word' id='word_1_376' title='bbox 1186 2094 1289 2128; x_wconf 75' lang='lat' dir='ltr'>Kraft</span> <span class='ocrx_word' id='word_1_377' title='bbox 1326 2106 1367 2127; x_wconf 92' lang='lat' dir='ltr'>zu</span> <span class='ocrx_word' id='word_1_378' title='bbox 1409 2097 1600 2138; x_wconf 84' lang='lat' dir='ltr'>verstehen,</span> 
     </span>
     <span class='ocr_line' id='line_1_63' title="bbox 932 2141 1599 2182; baseline 0.003 -10"><span class='ocrx_word' id='word_1_379' title='bbox 932 2141 995 2173; x_wconf 82' lang='lat' dir='ltr'>wie</span> <span class='ocrx_word' id='word_1_380' title='bbox 1029 2141 1139 2182; x_wconf 86' lang='lat'>53‚5:</span> <span class='ocrx_word' id='word_1_381' title='bbox 1175 2141 1268 2174; x_wconf 83' lang='lat' dir='ltr'>diese</span> <span class='ocrx_word' id='word_1_382' title='bbox 1297 2141 1481 2182; x_wconf 83' lang='lat' dir='ltr'>bewirkte,</span> <span class='ocrx_word' id='word_1_383' title='bbox 1521 2141 1599 2174; x_wconf 83' lang='lat' dir='ltr'>dass</span> 
     </span>
     <span class='ocr_line' id='line_1_64' title="bbox 932 2186 1599 2219; baseline 0 -1"><span class='ocrx_word' id='word_1_384' title='bbox 932 2197 1007 2219; x_wconf 86' lang='lat' dir='ltr'>man</span> <span class='ocrx_word' id='word_1_385' title='bbox 1041 2186 1112 2219; x_wconf 86' lang='lat' dir='ltr'>sich</span> <span class='ocrx_word' id='word_1_386' title='bbox 1144 2186 1204 2218; x_wconf 82' lang='lat' dir='ltr'>der</span> <span class='ocrx_word' id='word_1_387' title='bbox 1236 2186 1364 2218; x_wconf 88' lang='lat' dir='ltr'>Furcht</span> <span class='ocrx_word' id='word_1_388' title='bbox 1395 2196 1459 2218; x_wconf 90' lang='lat' dir='ltr'>vor</span> <span class='ocrx_word' id='word_1_389' title='bbox 1491 2187 1599 2219; x_wconf 87' lang='lat' dir='ltr'>einem</span> 
     </span>
     <span class='ocr_line' id='line_1_65' title="bbox 933 2230 1598 2273; baseline 0 -9"><span class='ocrx_word' id='word_1_390' title='bbox 933 2230 1059 2273; x_wconf 75' lang='lat' dir='ltr'>Kriege</span> <span class='ocrx_word' id='word_1_391' title='bbox 1077 2231 1250 2263; x_wconf 72' lang='lat' dir='ltr'>entwohnt</span> <span class='ocrx_word' id='word_1_392' title='bbox 1266 2232 1368 2263; x_wconf 86' lang='lat' dir='ltr'>hatte.</span> <span class='ocrx_word' id='word_1_393' title='bbox 1396 2230 1470 2263; x_wconf 85' lang='lat' dir='ltr'>Seit</span> <span class='ocrx_word' id='word_1_394' title='bbox 1486 2231 1598 2264; x_wconf 82' lang='lat' dir='ltr'>Sullas</span> 
     </span>
     <span class='ocr_line' id='line_1_66' title="bbox 933 2276 1600 2317; baseline 0 -8"><span class='ocrx_word' id='word_1_395' title='bbox 933 2278 1070 2309; x_wconf 87' lang='lat' dir='ltr'>letztem</span> <span class='ocrx_word' id='word_1_396' title='bbox 1088 2276 1184 2317; x_wconf 82' lang='lat' dir='ltr'>Siege</span> <span class='ocrx_word' id='word_1_397' title='bbox 1203 2287 1274 2308; x_wconf 86' lang='lat' dir='ltr'>war</span> <span class='ocrx_word' id='word_1_398' title='bbox 1292 2276 1368 2308; x_wconf 87' lang='lat' dir='ltr'>kein</span> <span class='ocrx_word' id='word_1_399' title='bbox 1386 2277 1600 2309; x_wconf 84' lang='lat' dir='ltr'>erheblicher</span> 
     </span>
     <span class='ocr_line' id='line_1_67' title="bbox 932 2320 1600 2362; baseline 0 -8"><span class='ocrx_word' id='word_1_400' title='bbox 932 2320 1243 2362; x_wconf 79' lang='lat' dir='ltr'>Rriegsschrecken</span> <span class='ocrx_word' id='word_1_401' title='bbox 1278 2321 1362 2353; x_wconf 85' lang='lat' dir='ltr'>iiber</span> <span class='ocrx_word' id='word_1_402' title='bbox 1393 2320 1474 2353; x_wconf 86' lang='lat' dir='ltr'>Rom</span> <span class='ocrx_word' id='word_1_403' title='bbox 1493 2322 1600 2354; x_wconf 81' lang='lat' dir='ltr'>selbst</span> 
     </span>
     <span class='ocr_line' id='line_1_68' title="bbox 932 2366 1597 2408; baseline 0 -10"><span class='ocrx_word' id='word_1_404' title='bbox 932 2368 1135 2408; x_wconf 85' lang='lat' dir='ltr'>gekommen,</span> <span class='ocrx_word' id='word_1_405' title='bbox 1152 2367 1216 2398; x_wconf 92' lang='lat' dir='ltr'>und</span> <span class='ocrx_word' id='word_1_406' title='bbox 1245 2366 1312 2398; x_wconf 89' lang='lat' dir='ltr'>seit</span> <span class='ocrx_word' id='word_1_407' title='bbox 1331 2367 1496 2399; x_wconf 81' lang='lat' dir='ltr'>Hannibal</span> <span class='ocrx_word' id='word_1_408' title='bbox 1522 2367 1597 2399; x_wconf 85' lang='lat' dir='ltr'>kein</span> 
     </span>
     <span class='ocr_line' id='line_1_69' title="bbox 936 2410 1529 2452; baseline 0 -8"><span class='ocrx_word' id='word_1_409' title='bbox 936 2411 1161 2452; x_wconf 73' lang='lat' dir='ltr'>ausw‘zirtiger</span> <span class='ocrx_word' id='word_1_410' title='bbox 1177 2410 1282 2444; x_wconf 87' lang='lat' dir='ltr'>Feind</span> <span class='ocrx_word' id='word_1_411' title='bbox 1301 2411 1335 2443; x_wconf 92' lang='lat' dir='ltr'>in</span> <span class='ocrx_word' id='word_1_412' title='bbox 1353 2411 1408 2445; x_wconf 86' lang='lat' dir='ltr'>die</span> <span class='ocrx_word' id='word_1_413' title='bbox 1424 2412 1529 2446; x_wconf 71' lang='lat' dir='ltr'>Nahe.</span> 
     </span>
    </p>

    <p class='ocr_par' dir='ltr' id='par_1_15' title="bbox 935 2455 1598 2589">
     <span class='ocr_line' id='line_1_70' title="bbox 983 2455 1597 2499; baseline 0 -11"><span class='ocrx_word' id='word_1_414' title='bbox 983 2456 1178 2499; x_wconf 78' lang='lat' dir='ltr'>adflictare:</span> <span class='ocrx_word' id='word_1_415' title='bbox 1206 2455 1276 2489; x_wconf 86' lang='lat' dir='ltr'>Cic.</span> <span class='ocrx_word' id='word_1_416' title='bbox 1306 2455 1405 2490; x_wconf 88' lang='lat' dir='ltr'>Tusc.</span> <span class='ocrx_word' id='word_1_417' title='bbox 1435 2458 1467 2499; x_wconf 84' lang='lat'>4,</span> <span class='ocrx_word' id='word_1_418' title='bbox 1495 2457 1526 2499; x_wconf 89' lang='grc'>8,</span> <span class='ocrx_word' id='word_1_419' title='bbox 1557 2455 1597 2489; x_wconf 91' lang='grc'>18</span> 
     </span>
     <span class='ocr_line' id='line_1_71' title="bbox 935 2501 1598 2545; baseline -0.002 -11"><span class='ocrx_word' id='word_1_420' title='bbox 935 2502 1122 2545; x_wconf 76' lang='lat' dir='ltr'>adflictatio</span> <span class='ocrx_word' id='word_1_421' title='bbox 1161 2503 1182 2542; x_wconf 67' lang='grc' dir='ltr'><strong><em>ί</em></strong></span> <span class='ocrx_word' id='word_1_422' title='bbox 1195 2505 1243 2534; x_wconf 76' lang='lat' dir='ltr'>est</span> <span class='ocrx_word' id='word_1_423' title='bbox 1257 2503 1277 2542; x_wconf 86' lang='lat'><em>)</em></span> <span class='ocrx_word' id='word_1_424' title='bbox 1315 2501 1492 2544; x_wconf 74' lang='lat' dir='ltr'>aegritudo</span> <span class='ocrx_word' id='word_1_425' title='bbox 1523 2512 1598 2534; x_wconf 85' lang='lat' dir='ltr'>eum</span> 
     </span>
     <span class='ocr_line' id='line_1_72' title="bbox 935 2549 1282 2589; baseline -0.003 -9"><span class='ocrx_word' id='word_1_426' title='bbox 935 2549 1111 2580; x_wconf 73' lang='lat' dir='ltr'>veoeatione</span> <span class='ocrx_word' id='word_1_427' title='bbox 1126 2549 1282 2589; x_wconf 74' lang='lat' dir='ltr'>corporis.</span> 
     </span>
    </p>

    <p class='ocr_par' dir='ltr' id='par_1_16' title="bbox 981 2591 1597 2635">
     <span class='ocr_line' id='line_1_73' title="bbox 981 2591 1597 2635; baseline -0.002 -11"><span class='ocrx_word' id='word_1_428' title='bbox 981 2594 1011 2625; x_wconf 82' lang='lat'>4.</span> <span class='ocrx_word' id='word_1_429' title='bbox 1049 2593 1119 2635; x_wconf 77' lang='lat' dir='ltr'>lege</span> <span class='ocrx_word' id='word_1_430' title='bbox 1147 2593 1303 2625; x_wconf 77' lang='lat' dir='ltr'>Plautia.-</span> <span class='ocrx_word' id='word_1_431' title='bbox 1346 2593 1442 2635; x_wconf 80' lang='lat' dir='ltr'>(auch</span> <span class='ocrx_word' id='word_1_432' title='bbox 1475 2591 1597 2632; x_wconf 76' lang='lat' dir='ltr'>Plotia)</span> 
     </span>
    </p>
   </div>
  </div>
 </body>
</html>
