1720 2875
482 133 540 165 DE
563 133 705 166 BELLO
731 131 933 166 IUGURTH.
972 132 1006 164 C.
1035 132 1088 164 85.
1412 132 1490 171 187

83 235 113 273 si
135 234 213 273 iam
228 234 325 273 mihi
340 235 582 286 respondere
598 234 729 279 velint,
752 233 907 271 abunde
922 233 994 271 illis
1011 233 1221 271 facundam
1240 237 1278 271 et
1291 232 1491 283 composi-

83 297 163 329 tam
185 290 406 329 orationem
422 291 527 329 fore:
547 290 615 328 sed
633 290 672 327 in
690 294 821 327 vostro
844 301 1026 327 maxumo
1042 287 1235 326 beneficio
1253 301 1343 327 cum
1361 288 1491 326 omni-

81 345 156 384 bus
178 345 272 384 locis
294 358 356 384 me
373 358 520 396 vosque
542 344 756 384 maledictis
778 345 964 389 lacerent,
988 355 1068 383 non
1084 344 1228 394 placuit
1242 344 1420 389 reticere,
1441 355 1492 382 ne

84 401 170 452 quis
192 402 426 440 modestiam
446 402 487 440 in
509 400 788 439 conscientiam
811 401 982 438 duceret.
1038 400 1137 438 Nam
1167 412 1228 438 me
1259 400 1417 450 quidem
1447 411 1494 438 ex
1521 410 1563 442 27

85 457 204 496 animi
225 457 305 496 mei
328 458 522 496 sententia
543 456 649 495 nulla
668 456 791 494 oratio
813 456 967 494 laedere
986 460 1136 506 potest,
1158 456 1300 506 quippe
1319 467 1409 494 vera
1425 467 1496 494 ne-

86 525 196 552 cesse
215 518 276 551 est
290 512 392 551 bene
412 512 648 563 praedicent,
665 511 762 550 falsa
782 512 856 550 vita
872 523 1084 563 moresque
1101 511 1179 549 mei
1197 518 1403 562 superant:
1426 511 1497 550 sed
1522 520 1565 554 28

86 569 272 619 quoniam
295 574 422 607 vostra
440 567 600 606 consiha
621 574 865 614 accusantur,
889 568 954 618 qui
973 567 1069 606 mihi
1084 579 1285 606 summum
1303 568 1498 605 honorem

84 629 122 662 et
142 636 374 663 maxumum
395 624 598 673 negotium
622 624 865 674 inposuistis,
888 623 1005 662 etiam
1029 628 1145 674 atque
1167 623 1284 661 etiam
1305 628 1495 673 reputate,

83 691 180 718 num
202 692 339 718 eorum
362 680 644 730 paenitendum
661 680 722 718 sit.
762 679 849 718 Non
867 691 1031 730 possum
1053 678 1142 717 fidei
1165 691 1280 717 causa
1306 679 1496 729 imagines
1521 689 1564 720 29

81 747 210 787 neque
231 735 453 785 triumphos
475 742 541 774 aut
558 736 783 774 consulatus
800 736 992 774 maiorum
1015 747 1193 773 meorum
1210 740 1424 780 ostentare,
1444 740 1496 780 at,

82 791 113 829 si
142 803 206 830 res
235 792 424 842 postulet,
460 791 587 830 hastas
624 791 805 829 vexillum
836 791 1035 841 phaleras,
1072 791 1144 829 alia
1173 791 1353 829 militaria
1381 791 1496 836 dona,

81 852 282 897 praeterea
303 847 500 886 cicatrices
522 848 687 885 advorso
709 858 886 897 corpore.
918 847 1000 885 Hae
1032 852 1126 885 sunt
1154 859 1265 885 meae
1289 847 1492 897 imagines,
1520 856 1562 889 30

80 903 177 941 haec
186 903 376 947 nobilitas,
393 915 474 941 non
484 903 699 942 hereditate
709 903 852 947 relicta,
870 907 913 940 ut
926 903 990 941 illa
1006 902 1093 946 illis,
1114 903 1183 940 sed
1200 915 1299 952 quae
1317 914 1387 951 ego
1398 902 1495 940 meis

81 958 272 1009 plurumis
300 959 498 998 laboribus
533 964 571 997 et
603 958 787 1009 perieulis
817 958 1003 1009 quaesivi.
1054 958 1139 995 Non
1161 964 1255 996 sunt
1276 958 1494 1008 composita
1520 968 1560 1000 31

80 1013 200 1052 verba
221 1018 326 1053 mea':
349 1014 456 1065 parvi
476 1014 516 1053 id
538 1014 656 1053 facio:
679 1015 762 1065 ipsa
785 1027 827 1052 se
849 1014 972 1053 virtus
995 1014 1088 1052 satis
1110 1014 1303 1059 ostendit,
1334 1014 1408 1052 illis
1431 1025 1494 1051 ar-

82 1070 202 1108 tifieio
226 1083 324 1121 opus
348 1076 419 1116 est,
440 1076 485 1109 ut
504 1070 634 1121 turpia
654 1071 754 1109 facta
777 1070 955 1109 oratione
975 1075 1122 1120 tegant.
1176 1070 1311 1120 Neque
1341 1070 1492 1108 litteras
1521 1081 1563 1112 32

84 1125 248 1165 Graecas
267 1126 401 1165 didici:
417 1138 555 1176 parum
573 1127 750 1177 placebat
767 1139 831 1165 eas
849 1126 1008 1171 discere,
1027 1126 1169 1176 quippe
1187 1139 1285 1176 quae
1301 1126 1349 1164 ad
1370 1125 1493 1164 virtu-

81 1187 159 1221 tem
184 1182 407 1221 doctoribus
431 1182 527 1220 nihil
549 1183 791 1233 profuerant.
842 1183 891 1220 At
921 1182 985 1220 illa
1007 1183 1131 1220 multo
1155 1188 1318 1233 optuma
1339 1181 1396 1220 rei
1416 1194 1490 1232 pu·
1522 1192 1565 1224 33

126 1305 361 1346 compositam:
385 1303 453 1343 vgl.
483 1304 504 1345 ξ
522 1304 584 1343 313
614 1315 656 1335 zu
674 1304 746 1337 Cat.
819 1305 880 1343 48,
915 1304 961 1344 9).
1008 1305 1068 1336 Die
1108 1305 1230 1336 andere
1263 1304 1385 1336 Lesart
1416 1315 1494 1337 vera

83 1349 137 1388 51,
154 1348 184 1379 9.

125 1392 185 1424 sed
213 1394 250 1424 in
283 1395 389 1425 vostro
412 1398 476 1424 etc.
510 1393 622 1425 Davor
640 1393 746 1435 suppl.

80 1448 154 1469 man
182 1437 239 1469 des
273 1438 597 1478 zusammenhauges
632 1448 749 1478 wegen

80 1482 171 1523 „und
188 1483 243 1513 ich
258 1483 374 1514 wiirde
393 1483 506 1522 daher,
537 1484 576 1514 da
594 1484 649 1515 ich
666 1483 748 1514 frei-

82 1527 151 1558 lich
182 1527 255 1558 eine
279 1527 409 1565 gleiche
436 1526 750 1559 Geschicklichkeit

81 1571 174 1603 nicht
206 1571 344 1612 besitze,
377 1572 487 1604 lieber
514 1573 749 1613 gesehwiegen

80 1615 222 1648 hahen“.

126 1663 282 1693 reticere:
302 1662 395 1701 ‚,das,
412 1672 482 1693 was
499 1672 571 1693 man
590 1673 631 1693 zu
648 1672 749 1702 sagea

80 1705 146 1744 hat,
166 1706 420 1746 zuriickhalten‚
438 1707 720 1738 unterdriicken“.

127 1751 162 1780 in
186 1760 290 1782 conse.
308 1751 441 1782 duceret
450 1764 460 1782 .·
478 1751 551 1791 „als
569 1750 750 1782 Schuldbe-

80 1795 263 1826 wusstsein
277 1795 452 1836 auffasste,
467 1797 661 1836 auslegte“;
679 1796 749 1836 vgl.

81 1840 143 1871 den
160 1840 334 1872 {ihnlichen
350 1839 525 1872 Gebrauch
543 1851 605 1872 von
624 1844 752 1873 vortere

83 1883 137 1924 82,
155 1884 191 1923 33
209 1886 340 1917 trahere
357 1885 410 1924 92,
430 1885 466 1925 23
490 1886 556 1916 und
574 1886 657 1917 iiber
674 1896 751 1917 con—

81 1930 225 1960 scientia
241 1940 281 1960 zu
299 1930 352 1968 32,
370 1931 401 1961 5.

126 1974 180 2004 27.
208 1984 253 2005 θα·
273 1976 385 2005 animi
399 1976 467 2006 mei
479 1977 660 2006 sententia:
678 1975 751 2006 eine

81 2019 240 2050 stehende
257 2018 392 2051 Formel
414 2029 467 2050 um
484 2030 525 2050 zu
541 2020 750 2059 versichern,

82 2063 158 2095 dass
194 2063 254 2094 das
286 2064 496 2105 Ausgesagte
528 2064 581 2095 die
614 2064 750 2105 „wahre

82 2107 414 2149 Herzensmeinung“
430 2109 484 2139 die
510 2109 661 2141 innerste
686 2108 750 2141 Ue-

82 2152 297 2194 berzeugung
313 2154 371 2185 des
389 2154 620 2195 Sprechenden
635 2154 695 2185 sei.

125 2207 204 2229 vera
217 2221 224 2228 .
239 2221 247 2229 .
259 2202 436 2241 superant.-
454 2208 530 2230 vera
543 2213 564 2224 =
577 2209 660 2239 qaae
674 2209 749 2230 vera

80 2244 177 2281 ειιηές
195 2242 546 2284 dex-Zusammenhang
557 2243 748 2275 liisstdarin

82 2288 114 2317 si
133 2296 200 2328 qua
222 2297 295 2319 vere
316 2287 357 2319 de
376 2298 430 2319 me
452 2287 562 2320 dicere
577 2288 680 2319 velint
696 2298 750 2320 er-

82 2331 229 2370 kennen3
253 2331 297 2363 im
316 2331 522 2372 Gegensatze
546 2333 631 2364 dann
646 2332 750 2376 falsa

81 2391 96 2401 =
112 2386 197 2417 quae
208 2375 313 2418 falsa
336 2377 510 2417 dioewint;
540 2378 684 2409 nachher
705 2378 751 2409 ist

82 2421 160 2451 bene
175 2436 189 2446 =
206 2422 265 2461 ita,
285 2424 322 2452 ut
338 2422 421 2453 bona
435 2424 506 2453 sint
522 2433 607 2464 quae
615 2422 750 2465 praede·-

82 2467 198 2497 centur
222 2465 274 2497 od.
298 2465 382 2497 kurz
403 2477 479 2498 eum
502 2466 602 2499 laude
625 2468 750 2507 (dieser

82 2509 208 2550 Begriff
218 2510 303 2550 liegt
319 2510 413 2542 nieht
428 2513 530 2543 sehon
544 2522 585 2543 an
599 2512 673 2544 sich
683 2513 750 2544 und

81 2555 296 2596 nothwendig
313 2555 346 2586 in
356 2556 574 2598 [νικῶσαν-6,·
592 2557 660 2597 vgl.
676 2557 764 2603 Cat..

821 1349 932 1386 (niiml.
957 1351 1075 1389 oratio)
1103 1360 1170 1381 nec.
1188 1352 1239 1380 est
1255 1350 1333 1381 bene
1357 1350 1493 1392 praedi-

820 1397 880 1434 cet,
902 1393 1040 1435 salsam
1072 1399 1136 1426 etc.
1170 1394 1263 1434 giebt
1295 1395 1494 1426 wesentlich

822 1439 1002 1470 denselben
1026 1439 1124 1477 Sina,
1149 1449 1211 1470 nur
1235 1444 1340 1471 etwas
1366 1439 1493 1471 vei-all-

821 1483 1024 1524 gemeinert,
1052 1484 1120 1515 und
1144 1482 1217 1524 ffigt
1241 1484 1313 1516 sich
1337 1484 1492 1516 iiberdies

822 1529 881 1559 der
889 1527 988 1559 Form
1003 1529 1087 1560 nach
1096 1528 1239 1560 leichter
1249 1529 1283 1560 in
1293 1529 1351 1560 das
1362 1528 1491 1568 Ganze3

822 1573 903 1604 aber
919 1573 969 1604 sie
987 1573 1034 1604 ist
1052 1573 1202 1613 weniger
1214 1579 1274 1614 gut
1288 1573 1492 1614 beglaubigt.

868 1618 922 1649 23.
948 1620 1052 1648 etiam
1076 1620 1175 1659 atque
1196 1619 1298 1649 etiam
1325 1623 1390 1650 etc.
1429 1618 1491 1649 Die

822 1661 1075 1703 Aufforderung
1105 1663 1255 1694 verhiillt
1283 1663 1316 1694 in
1339 1663 1493 1694 redueri-

822 1707 920 1738 scher
938 1707 1056 1739 Weise
1074 1707 1126 1739 die
1144 1707 1307 1747 Aussage,
1324 1718 1384 1748 „so
1404 1718 1493 1739 muss

823 1752 878 1783 ich
895 1753 979 1783 euch
995 1762 1048 1782 um
1065 1752 1278 1783 euretwillen
1293 1753 1398 1783 meine
1407 1753 1492 1785 Ver-

823 1796 953 1828 dienste
968 1796 1084 1828 immer
1095 1807 1159 1828 von
1175 1807 1292 1828 neuem
1304 1798 1492 1838 vorAugen

822 1840 1040 1881 fiihremdam.
1050 1842 1103 1872 ihr
1111 1842 1280 1873 urtheilen
1289 1841 1393 1873 kb'nnt
1403 1842 1490 1874 etc.“

869 1887 922 1918 29.
944 1886 1034 1927 fidei
1049 1896 1174 1917 eausa.-
1192 1897 1232 1916 zu
1249 1887 1303 1925 29,
1322 1887 1353 1917 4.

867 1932 1004 1962 laastas:
1016 1931 1104 1971 hier,
1121 1931 1185 1962 wie
1203 1931 1256 1963 (lie
1272 1931 1418 1962 anderen
1435 1940 1493 1971 ge-

821 1980 967 2007 nannten
1008 1975 1115 2016 Dioge
1130 2001 1138 2017 ,
1181 1975 1492 2016 Ehrengeschenke,

821 2020 948 2052 welche
974 2021 1034 2052 der
1057 2020 1295 2051 Oberfcldherr
1319 2031 1380 2051 zur
1403 2020 1491 2051 Aus-

821 2065 1004 2105 zeichnung
1035 2065 1213 2101 ertheilte3
1248 2065 1399 2096 Anderes
1432 2064 1490 2096 der

821 2109 886 2141 Art
908 2120 1023 2141 waren
1046 2110 1100 2141 die
1119 2110 1384 2141 verschiedenen
1401 2119 1492 2141 coro-

820 2165 892 2193 nae,
901 2153 1015 2186 fei-ner
1027 2157 1170 2196 torques,
1185 2154 1318 2195 catella,
1338 2153 1491 2193 armilla,

821 2199 1038 2239 corniculum,
1055 2199 1170 2242 fibula.

867 2244 922 2275 32.
949 2246 1069 2287 quippe
1083 2270 1089 2276 .
1105 2269 1112 2275 .
1129 2268 1135 2275 .
1146 2245 1367 2287 profuerant:
1381 2243 1492 2275 Dux-ch

822 2289 881 2321 das
897 2288 1033 2330 Plusqu.
1058 2289 1143 2320 wird
1164 2289 1306 2321 sciebam
1319 2289 1493 2331 profuisse

822 2333 1034 2374 angedeutet.
1059 2353 1103 2356 —
1128 2333 1196 2364 Der
1227 2334 1393 2374 damalige
1425 2333 1492 2364 Zu-

824 2379 922 2410 stand
952 2376 1231 2418 Griechenlands‚
1264 2389 1301 2410 so
1333 2378 1400 2410 wie
1433 2379 1492 2410 der

823 2423 994 2463 Umstand‚
1012 2424 1090 2454 dass
1106 2423 1168 2454 mit
1185 2422 1243 2454 der
1259 2423 1491 2463 griechischen

823 2468 944 2499 Cultur
957 2467 1108 2507 zugleich
1125 2468 1280 2500 manches
1292 2468 1394 2501 Uebel
1407 2468 1491 2499 nach

821 2512 902 2544 Rom
925 2512 1120 2553 gewandert
1147 2522 1230 2551 war,
1258 2514 1388 2545 machte
1416 2513 1490 2544 eine

821 2557 935 2589 solche
953 2556 1165 2598 Aeusserung
1186 2557 1220 2588 in
1238 2557 1319 2590 Rom
1341 2557 1491 2600 popular.
