1720 2875
549 104 604 136 nn
629 103 740 136 coni.
767 103 904 136 CATJL.
930 104 966 136 6.
991 105 1045 137 51.
1445 105 1498 143 75

92 206 280 250 instituta,
303 207 336 245 si
357 207 472 245 modo
490 206 609 257 proba
628 211 751 250 erant,
770 205 1031 244 imitarentur.
1062 206 1179 244 Arma
1199 210 1316 256 atque
1333 205 1407 244 tela
1422 204 1498 243 mi-
1523 214 1567 247 38

93 262 216 302 litaria
237 262 284 301 ab
306 262 563 307 Samnitibus,
586 261 752 312 insignia
774 262 1067 312 magistratuum
1089 261 1136 300 ab
1158 262 1294 301 Tuscis
1316 262 1500 313 pleraque

93 324 371 369 sumpserunt,
392 325 589 369 postremo
611 318 715 369 quod
740 317 882 368 ubique
905 318 1005 368 apud
1024 318 1149 356 socios
1179 324 1245 357 aut
1267 317 1392 357 hostis
1413 317 1500 356 ido-

95 387 215 413 neum
238 375 449 420 videbatur,
465 387 552 413 cum
569 386 724 412 summo
741 374 870 412 studio
888 374 992 412 domi
1005 374 1333 425 exsequebantur:
1355 373 1499 413 imitari

94 443 210 482 quam
230 431 403 470 invidere
424 431 538 469 bonis
561 430 767 468 malebant.
801 430 877 469 Sed
900 431 1037 468 eodem
1054 431 1116 468 illo
1133 436 1310 481 tempore
1320 430 1500 469 Graeciae
1525 435 1568 467 39

94 500 244 526 morem
267 487 406 526 imitati
427 486 653 532 verberibus
675 486 1039 525 animadvortebant
1060 487 1102 524 in
1123 487 1226 531 civis,
1247 487 1293 525 (16
1310 487 1500 531 condem,-

93 544 192 582 natis
208 555 404 583 summum
422 542 656 593 supplicium
670 542 890 581 sumebant.
922 542 1135 594 Postquam
1154 555 1216 581 res
1233 543 1386 594 public-a
1403 543 1500 581 ado-
1525 550 1570 582 40

94 600 186 639 levit
208 605 245 638 et
265 599 517 637 multitudine
535 599 676 637 civium
694 599 881 638 factiones
903 600 1069 643 valuere,
1090 599 1363 638 circumveniri
1385 599 1530 648 inno-,

94 662 238 701 centes,
259 655 333 693 3113
353 654 513 694 1111111566
535 655 640 694 modi
661 655 742 693 fieri
765 668 942 706 coepere,
978 661 1061 694 tum
1083 656 1144 694 lex
1176 655 1310 694 Porcia
1328 655 1502 706 aliaeque

93 712 199 762 leges
221 717 375 762 paratae
398 717 502 757 sunt,
539 711 680 762 quibus
702 711 848 762 legibus
871 712 1027 750 exilium
1049 712 1241 751 damnatis
1262 712 1501 762 permissum

94 774 162 807 est.
192 768 302 806 Hanc
324 779 394 817 ego
415 780 584 813 causam,
607 773 736 818 patres
753 768 974 818 conscripti,
998 781 1073 819 quo
1091 768 1222 807 minus
1239 780 1383 806 novum
1405 780 1501 806 con-
1525 774 1566 806 41

93 824 224 863 silium
244 824 454 875 capiamus,
477 824 519 862 in
542 824 674 875 primis
698 836 877 874 magnam
900 831 1007 875 puto.
1040 825 1218 863 Profecto
1240 825 1362 863 virtus
1384 830 1499 875 atque
1523 829 1566 862 42

93 880 282 931 sapientia
303 881 426 919 maior
446 881 488 919 in
507 880 580 919 illis
601 880 684 925 fuit,
708 881 775 931 qui
796 893 839 919 ex
863 880 991 931 parvis
1014 881 1153 931 opibus
1190 885 1344 919 tantum
1375 881 1500 931 impe-

93 937 195 975 rium
218 937 357 983 fecere,
395 949 512 988 quam
532 937 570 976 in
593 936 718 981 nobis,
756 936 822 988 qui
844 950 886 975 ea
906 936 1004 975 bene
1025 943 1134 988 parta
1170 937 1233 975 vix
1272 937 1498 975 retinemus.

94 993 225 1032 Placet
245 993 360 1043 igitur
381 1005 447 1032 eos
469 993 612 1032 dimitti
634 998 672 1032 et
693 994 825 1044 augeri
847 994 1057 1032 exercitum
1081 991 1290 1032 Catilinae?
1312 993 1503 1038 Minume3
1528 1002 1572 1033 43

94 1050 235 1088 sedita
258 1061 420 1088 censeo:
457 1049 708 1100 publicandas
730 1062 867 1088 eorum
888 1050 1085 1101 pecunias,
1120 1050 1226 1101 ipsos
1261 1050 1302 1089 in
1337 1049 1499 1088 vinculis

93 1105 292 1145 habendos
314 1118 384 1157 per
403 1106 629 1157 municipia,
651 1118 749 1156 quae
769 1119 950 1145 maxume
970 1106 1108 1158 opibus
1130 1107 1277 1153 valent3
1314 1118 1393 1145 neu
1414 1106 1499 1157 quis

96 1196 286 1229 denkbaren
313 1196 485 1229 einzelnen
503 1195 687 1238 Zeitpunkt
704 1207 761 1237 ge-

93 1241 240 1282 bunden3
259 1242 362 1273 daher
378 1242 436 1273 das
451 1240 649 1280 Pei-fectum,
669 1242 762 1272 1111111-

97 1287 180 1319 1·611(1
223 1287 333 1328 gleich
373 1284 513 1323 darauf,
554 1296 607 1317 wo
649 1287 762 1318 dieser

96 1331 212 1365 Grund
228 1330 392 1371 wegffilst,
412 1332 470 1363 das
488 1330 615 1372 Imperf.
640 1332 738 1363 steht.

140 1377 193 1409 38.
219 1387 318 1408 arma
334 1379 434 1417 atque
450 1375 516 1407 tela
545 1381 607 1407 etc.
650 1377 762 1408 Durch

96 1422 150 1454 die
178 1421 352 1454 Attribute
391 1421 556 1452 militaria
597 1422 650 1460 (an
690 1421 762 1453 sich

94 1467 306 1506 iiberssiissig)
332 1477 365 1499 u.
382 1467 650 1508 magistratuum
675 1476 762 1497 wer-

97 1512 158 1544 den
177 1513 228 1544 die
253 1512 372 1543 beiden
401 1511 516 1543 Seiten
546 1512 602 1543 des
633 1512 763 1543 staats-

97 1557 214 1589 lebeus
240 1556 476 1589 ausdriicklich
516 1556 675 1588 einander
703 1567 762 1597 ge-

97 1602 402 1643 geniibergestellt3
423 1601 591 1644 pleraque,
616 1602 762 1633 welches

97 1658 137 1679 zu
155 1647 271 1679 beiden
291 1646 519 1679 coordinirten
530 1646 763 1687 Satzgliedern

95 1693 236 1733 gehiirt,
276 1691 479 1724 heschr'ankt
511 1692 563 1723 die
596 1697 691 1723 sonst
721 1702 764 1723 zu

95 1736 304 1770 umfassende
325 1737 462 1776 Angahe
490 1737 762 1777 einigermassen‚

94 1782 306 1823 wenngleich
336 1780 389 1813 fiir
407 1782 460 1813 die
477 1782 602 1822 vtillige
620 1782 763 1814 histori—

96 1829 174 1860 sche
194 1827 372 1860 Wahrheit
395 1827 485 1858 wohl
504 1827 593 1859 nicht
608 1827 762 1868 111111ὲί115-

94 1873 172 1904 11611.
228 1873 290 1904 Die
320 1872 439 1904 Rcmer
469 1872 661 1904 entlehnten
695 1883 760 1903 von

94 1918 157 1949 (1611
174 1917 344 1949 Samniten
360 1917 419 1949 das
436 1927 516 1949 veru
538 1918 588 1949 od.
608 1919 762 1949 verutum

95 1962 161 1994 und
201 1963 374 1994 vielleicht
411 1963 492 1994 auch
525 1963 584 1994 das
616 1966 760 1994 scutum.

97 2007 228 2048 VVegen
270 2008 312 2038 ab
350 2005 469 2039 Tuscis
505 2008 574 2048 vgl.
614 2007 689 2039 Liv.
731 2011 758 2047 1,

97 2053 129 2094 8,
147 2053 166 2084 3
190 2063 244 2084 me
260 2052 355 2084 haud
373 2054 519 2094 paenitet
545 2062 659 2084 eorum
687 2063 761 2084 sen-

95 2099 221 2129 tentiae
241 2109 322 2137 esse,
350 2098 469 2139 quibus
495 2100 527 2129 et
554 2099 761 2139 apparitores

97 2143 151 2184 [et]
183 2143 242 2174 hoc
270 2153 381 2184 gen-us
410 2143 568 2182 (niimlich
595 2143 648 2174 die
683 2143 762 2174 Lic—

99 2190 209 2228 toren)
237 2189 280 2219 ab
296 2188 451 2220 Etruscis
478 2188 645 2229 finitimis,
676 2187 763 2219 unde

97 2232 178 2265 sella
201 2233 340 2274 curulis,
368 2232 454 2265 unde
479 2236 558 2274 toga
583 2236 762 2274 praetexta

97 2280 234 2319 sumpta
262 2280 324 2314 est,
358 2281 389 2310 et
425 2288 607 2310 numerum
639 2287 763 2320 quoque

99 2324 214 2365 ipsum
229 2322 364 2355 ductum
377 2323 495 2364 placet.

143 2367 199 2400 39.
226 2367 342 2400 Graec.
359 2378 445 2400 mor.
454 2370 596 2400 imitati.-
615 2367 676 2400 Die
694 2368 763 2399 An-

97 2412 263 2453 wendung
280 2411 339 2444 der
356 2413 498 2453 Schliige
523 2424 596 2445 war
624 2414 659 2444 in
683 2413 765 2445 Rom

97 2457 190 2489 uralt
206 2457 271 2489 und
287 2458 400 2490 weder
415 2459 507 2490 diese
526 2460 613 2490 noch
628 2459 682 2490 die
699 2458 766 2490 Το-

99 2501 266 2534 desstrafe
283 2503 424 2542 (summ.
452 2503 558 2546 suppl.
562 2506 584 2543 J
613 2508 764 2536 stammte

99 2558 160 2580 3115
169 2547 426 2588 Grieehenlaml,
445 2549 546 2581 durch
555 2550 674 2581 dessen
682 2548 764 2580 Ein-

834 1199 913 1228 ssuss
931 1197 1116 1239 iiberhaupt
1133 1197 1191 1228 das
1209 1197 1372 1228 romische
1391 1194 1499 1228 straf-

833 1241 1011 1273 verfahren
1037 1242 1115 1273 cher
1138 1242 1316 1282 gemildert
1345 1241 1395 1274 als
1424 1251 1501 1273 ver-

835 1286 963 1319 schat-ft
980 1288 1116 1318 worden
1140 1288 1195 1318 ist.
1245 1287 1290 1318 Es
1315 1297 1386 1318 war
1412 1287 1499 1317 wohl

834 1343 897 1363 nur
928 1332 982 1363 die
1011 1332 1342 1371 Nationaleitelkeit‚
1375 1331 1501 1363 welche

835 1377 896 1408 den
914 1377 1044 1408 Leuten
1071 1377 1254 1417 einredete,
1285 1376 1500 1417 dergleichen

835 1422 884 1453 sei
917 1422 1007 1453 nicht
1041 1422 1116 1453 echt
1149 1422 1302 1454 romisch.
1361 1421 1501 1453 Dietsch

835 1467 905 1498 h'alt
922 1467 973 1499 die
991 1466 1114 1499 XVorte
1142 1466 1254 1499 Graec.
1272 1476 1355 1499 mor.
1374 1468 1504 1498 imitati

835 1512 892 1543 fiir
909 1512 1164 1552 eingeschoben.

879 1558 934 1588 40.
973 1558 1090 1598 quibus
1121 1557 1272 1599 leg-ibas:
1310 1557 1384 1588 eine
1417 1556 1501 1588 auch

836 1606 931 1634 sonst
947 1603 1011 1633 und
1030 1602 1211 1634 besonders
1229 1602 1262 1634 in
1281 1602 1423 1633 Caesars
1452 1601 1501 1633 ei-

834 1657 940 1687 genen
972 1647 1141 1679 Schriften
1168 1648 1217 1679 ol't
1245 1647 1503 1678 vorkommende

835 1691 1006 1733 Hiiufung3
1030 1693 1283 1735 hauptsachlich
1312 1692 1370 1723 des
1392 1692 1503 1724 Nach—

835 1737 957 1769 drucks
976 1747 1101 1777 wegen.
1151 1738 1223 1777 vgl.
1257 1738 1327 1769 Cic.
1359 1748 1389 1779 p.
1423 1737 1500 1769 Sex.

834 1782 932 1823 Rosa:
955 1785 1003 1823 11),
1022 1784 1064 1814 28
1081 1783 1255 1814 eonsilium
1273 1784 1431 1824 ceperant
1443 1806 1450 1812 .
1469 1807 1475 1813 .
1491 1806 1499 1814 .

834 1831 871 1860 ut
887 1837 1005 1859 nomen
1022 1828 1122 1859 lucius
1138 1827 1368 1869 deparricidio
1384 1827 1502 1869 defer-

834 1876 918 1912 rent,
945 1875 983 1904 ut
999 1873 1044 1905 ad
1061 1883 1134 1904 eam
1153 1883 1222 1905 rem
1241 1873 1386 1914 aliquem
1402 1883 1500 1904 accu-

833 1921 982 1950 satorem
998 1920 1141 1950 veterem
1171 1920 1416 1960 compararent,
1445 1919 1506 1959 qui

832 1963 872 1995 de
896 1974 937 1995 ea
963 1973 1001 1995 re
1027 1966 1137 2004 posset
1164 1963 1272 1996 dicere
1301 1962 1437 2004 aliquid,
1465 1964 1500 1993 in

832 2019 895 2050 qna
911 2019 949 2040 re
963 2009 1056 2040 nulla
1078 2010 1226 2040 subesset
1245 2010 1402 2050 suspicio.
1435 2008 1503 2039 Der

833 2054 938 2085 sache
956 2064 1073 2094 wegen
1090 2065 1131 2085 zu
1149 2054 1169 2095 ξ
1187 2054 1241 2086 22.

879 2099 934 2130 41.
959 2109 1022 2141 qao
1046 2101 1174 2130 minus:
1210 2109 1347 2130 causam
1378 2098 1501 2130 bedeu-

833 2148 903 2175 tete
922 2144 1020 2176 einen
1038 2143 1438 2184 Verhinderungsgrund.

880 2188 934 2220 42.
960 2199 1021 2220 ea:
1037 2189 1232 2221 bezeichnet
1249 2189 1302 2220 die
1329 2188 1500 2220 einzelnen

834 2233 952 2273 Dinge,
970 2234 1004 2264 in
1022 2234 1125 2265 denen
1145 2235 1204 2266 das
1228 2235 1409 2275 imperium
1439 2243 1502 2264 zur

834 2278 1068 2318 Erscheinung
1085 2279 1225 2318 kommt3
1244 2279 1311 2320 vgl.
1326 2289 1368 2310 zu
1385 2278 1439 2320 52,
1460 2279 1499 2311 10

835 2324 926 2355 haee.

879 2369 1060 2410 pecunias:
1107 2368 1199 2400 nicht
1243 2368 1317 2400 hlos
1357 2367 1501 2407 ‚.Geld“.

839 2414 910 2446 Von
929 2413 1118 2445 demselben
1136 2413 1242 2446 Punct
1268 2418 1342 2453 sagt
1370 2413 1440 2446 Cic.
1469 2413 1502 2445 in

838 2459 910 2491 Cat.
943 2459 974 2495 4.
1008 2460 1039 2497 5,
1076 2459 1114 2490 10
1145 2458 1299 2500 adiungit
1332 2459 1353 2498 ,s
1357 2458 1503 2498 Caesar)

837 2506 939 2535 etiam
954 2503 1215 2545 publicationem
1232 2505 1404 2536 bonorum.

881 2558 942 2590 per
958 2550 1141 2590 municipia
1155 2561 1166 2580 :
1191 2549 1258 2581 Cic.
1279 2550 1314 2581 in
1331 2549 1403 2581 Cat.
1421 2549 1455 2589 4,
1470 2549 1503 2588 4,
