1720 2875
539 144 594 177 DE
620 143 760 176 BELLO
778 143 980 179 IUGURTH.
1029 146 1064 178 C.
1089 147 1120 178 4.
1148 148 1178 179 5.
1515 148 1569 188 97

154 247 226 286 sed
243 247 431 286 memoria
453 259 588 286 rerum
608 251 804 296 gestarum
828 258 913 284 eam
932 247 1127 286 flammam
1146 248 1310 299 egregiis
1326 248 1418 287 viris
1439 249 1480 287 in
1497 262 1568 300 pe-

157 309 266 342 ctore
288 314 462 342 creseere
485 315 615 354 neque
634 301 741 352 prius
757 302 897 347 sedari,
920 315 1036 353 quam
1055 304 1176 342 virtus
1194 317 1329 343 eorum
1347 305 1492 344 famam
1510 311 1570 344 at-

157 371 234 409 que
255 359 415 409 gloriam
439 357 721 409 adaequaverit.
753 358 802 395 At
824 364 958 397 contra
981 359 1069 409 quis
1090 365 1150 398 est
1172 361 1349 399 omnium
1364 361 1422 399 his
1446 361 1568 400 mori·
1593 371 1610 401 7
1657 371 1661 410 f

157 414 242 461 hus,
265 416 360 466 quin
383 415 524 453 divitiis
546 419 584 452 et
604 413 839 463 sumptibus,
876 426 955 452 non
992 415 1186 465 probitate
1216 429 1345 467 neque
1375 417 1569 456 industria

157 483 248 509 cum
271 471 481 510 maioribus
503 470 583 509 suis
605 467 846 507 contendat?
877 470 993 509 etiam
1025 470 1206 510 homines
1230 473 1332 518 novi,
1369 474 1435 524 qui
1456 479 1568 512 antea

157 540 228 577 per
245 527 428 565 virtutem
445 526 546 564 soliti
564 531 676 564 erant
692 525 934 564 nobilitatem
953 528 1195 574 antevenire,
1217 529 1354 567 furtim
1373 536 1409 567 et
1426 543 1496 580 per
1511 530 1569 568 la-

158 583 320 621 trocinia
345 583 473 632 potius
496 594 612 633 quam
635 581 748 620 bonis
766 582 916 620 artibus
939 583 984 621 ad
1002 583 1162 633 imperia
1183 590 1219 623 et
1242 585 1413 624 honores
1431 586 1568 625 nitun—

157 644 242 677 tur:
264 638 428 690 proinde
457 638 567 689 quaoi
594 645 777 688 praetura
801 644 839 676 et
861 639 1087 677 consulatus
1109 645 1227 690 atque
1249 641 1319 678 alia
1341 642 1471 679 omnia
1495 642 1570 680 hu-
1596 647 1615 679 8

156 695 263 733 iusce
292 694 397 732 modi
425 706 495 745 per
517 707 558 732 se
594 694 677 744 ipsa
700 694 799 732 clara
822 700 860 732 et
881 695 1085 744 magnifica
1108 696 1207 741 sint,
1244 709 1289 735 ac
1309 708 1389 735 non
1411 698 1574 748 perinde

158 751 390 796 habeantur,
408 757 450 788 ut
471 763 624 794 eorum,
646 750 713 800 qui
736 762 779 788 ea
801 751 1012 796 sustinent,
1035 751 1160 790 virtus
1179 758 1250 790 est.
1273 753 1418 791 Verum
1437 766 1507 804 ego
1524 754 1571 792 li-
1595 760 1614 792 9

155 807 287 845 berius
309 807 503 857 altiusque
522 807 709 857 processi,
732 806 825 845 dum
843 819 907 845 me
928 807 1094 846 civitatis
1117 820 1270 846 morum
1293 809 1400 860 piget
1421 811 1571 848 taedet-

156 875 253 914 que3
275 875 381 902 nunc
402 864 447 901 ad
472 863 673 912 inceptum
694 862 826 900 redeo.

268 920 416 958 Bellum
454 919 671 969 scripturus
706 931 808 962 sum,
841 919 944 969 quod
980 919 1148 970 populus
1171 920 1370 958 Romanus
1393 933 1481 959 cum
1505 921 1571 960 Iu-
1592 928 1616 961 5

154 976 293 1026 gurtha
317 987 407 1026 rege
427 975 686 1013 Numidarum
717 975 847 1024 gessit,
885 975 1056 1025 primum
1080 975 1169 1025 quia
1193 988 1378 1026 magnum
1401 983 1439 1015 et
1460 983 1571 1015 atrox

157 1032 338 1083 variaque
349 1032 504 1070 victoria
522 1032 609 1077 fuit,
628 1031 719 1069 dein
736 1031 827 1081 quia
844 1036 939 1069 tunc
956 1031 1125 1081 primum
1140 1032 1348 1082 superbiae
1360 1032 1571 1071 nobilitatis

155 1087 307 1126 obviam
331 1089 427 1126 itum
446 1094 515 1133 est,
538 1100 635 1138 quae
657 1087 856 1125 contentio
875 1087 1003 1125 divina
1023 1094 1061 1125 et
1078 1087 1247 1126 humana
1266 1095 1404 1127 cuncta
1422 1089 1570 1139 permi-
1598 1097 1616 1128 2

152 1143 259 1182 scuit
277 1157 402 1195 eoque
418 1144 620 1183 vecordiae
639 1144 836 1194 processit,
869 1149 911 1181 ut
931 1143 1069 1181 studiis
1092 1143 1266 1182 civilibus
1288 1145 1433 1183 bellum
1456 1150 1573 1196 atque

156 1200 312 1238 vastitas
334 1200 464 1239 Italiae
486 1200 605 1238 finem
626 1200 786 1238 faceret.
820 1199 896 1237 Sed
918 1199 1025 1249 prius
1048 1212 1167 1250 quam
1193 1200 1353 1239 huiusce
1385 1201 1491 1240 modi
1512 1201 1569 1239 rei
1594 1210 1613 1242 3

154 1256 312 1294 initium
335 1256 511 1307 expedio,
547 1268 669 1306 pauca
705 1267 824 1305 supra
855 1263 1044 1306 repetam,
1077 1268 1154 1306 quo
1176 1257 1223 1294 ad
1246 1258 1570 1307 cognoscundum

153 1312 286 1350 omnia
307 1312 486 1351 inlustria
509 1312 630 1361 magis
653 1312 849 1362 magisque
871 1312 912 1349 in
935 1317 1070 1362 aperto
1093 1312 1184 1350 sint.

942 1401 1143 1433 habeantur:
1173 1403 1246 1434 dem
1264 1403 1463 1436 §Vortlaute
1487 1404 1571 1436 nach

900 1446 1125 1487 „demgem‘ass
1145 1448 1301 1479 besessen
1320 1449 1457 1480 wiirden
1471 1473 1479 1487 ,
1506 1450 1570 1481 wie

151 1401 303 1433 dieselbe
329 1402 424 1433 nicht
457 1413 520 1433 nur
550 1412 614 1433 von
644 1400 823 1441 Personen,

151 1447 295 1478 sondern
315 1447 400 1478 auch
418 1457 481 1478 von
493 1446 623 1478 Sachen
641 1447 825 1487 gebraucht

153 1491 252 1531 wird,
270 1492 363 1531 zeigt
378 1503 409 1523 u.
430 1502 459 1523 a.
478 1492 549 1523 Cat.
570 1494 598 1531 2,
620 1492 656 1531 33
682 1490 749 1531 lug.
774 1493 821 1532 17,

154 1537 192 1574 ’ῖς
210 1547 252 1567 zu
269 1537 329 1568 der
346 1536 470 1568 Plu-ase
494 1547 548 1568 res
574 1538 639 1567 vim
658 1539 692 1567 in
709 1547 745 1567 se
763 1537 825 1567 lla-

152 1582 205 1613 bet
222 1582 288 1620 vgl.
308 1581 377 1613 Cic.
398 1592 427 1622 p.
446 1582 531 1613 Mur.
556 1583 582 1622 1,
604 1583 617 1614 l
638 1580 726 1622 quod
740 1583 772 1612 si
786 1580 826 1612 z'l-

151 1626 187 1658 la
204 1626 374 1658 sollemnis
393 1629 608 1658 comitiorum
624 1627 772 1669 precatio
790 1649 797 1656 .
818 1650 825 1657 .

154 1674 284 1703 tantam
312 1673 410 1703 habet
438 1674 472 1703 in
500 1682 536 1703 se
558 1673 626 1703 vim,
652 1673 684 1702 et
710 1671 827 1712 religi-

153 1726 259 1748 onem.

199 1771 329 1793 eorum:
349 1762 377 1792 d.
397 1762 419 1793 i.
436 1763 615 1792 maiorum.

199 1808 230 1838 7.
255 1807 308 1838 ln's
324 1807 492 1838 moribus:
516 1806 662 1837 niiinlich
686 1806 749 1845 liis,
769 1807 827 1846 qui

150 1861 240 1883 nunc
256 1854 355 1889 suntz,
386 1862 422 1883 es
454 1851 500 1883 ist
529 1850 635 1882 absol.
666 1850 823 1889 Ablativ3

153 1895 222 1927 Cic.
243 1907 271 1938 p.
292 1896 404 1938 Quint.
429 1897 478 1932 18,
505 1896 546 1928 59
573 1897 747 1936 antiquam
771 1895 824 1936 of-

148 1941 229 1982 ficii
251 1944 419 1973 rammam
435 1941 568 1981 dilevit,
597 1942 693 1972 euius
718 1940 824 1982 splen-

152 1985 215 2017 dor
231 1989 340 2018 omnis
353 1988 406 2017 llis
421 1987 569 2018 moribus
586 1986 749 2017 obsolevit.

199 2033 278 2072 quia
297 2056 303 2063 .
324 2056 330 2063 .
349 2056 357 2062 .
375 2041 441 2062 non
475 2035 539 2062 ete.
606 2031 667 2061 Die
702 2030 823 2061 worte

151 2075 297 2108 kiinuten
324 2077 385 2108 mit
401 2076 591 2107 demselben
615 2075 718 2107 Sinne
741 2075 825 2106 auch

151 2120 280 2153 heissen
303 2123 362 2162 qui
376 2122 538 2161 probt'tale
561 2123 620 2151 aut
644 2119 823 2157 industria,

153 2176 192 2197 ae
215 2176 281 2198 non
312 2166 437 2197 divitiis
469 2169 500 2197 et
529 2165 717 2208 sumptibus
748 2174 825 2195 cum

152 2213 233 2242 mai.
252 2213 325 2242 suis
340 2210 541 2242 contendat?

198 2256 348 2287 homiues
362 2258 458 2287 novi:
475 2267 514 2286 zu
535 2255 606 2287 Cat.
625 2254 678 2291 23,
696 2255 726 2286 6.

198 2304 315 2332 antea:
346 2301 491 2332 nfimlich
518 2301 601 2337 „ehe
625 2300 736 2330 dieser
760 2298 826 2330 Zu-

152 2346 252 2376 stand
270 2346 482 2385 eingetreten
500 2345 606 2376 war“.
641 2344 751 2375 Daher
767 2344 825 2375 das

154 2389 365 2432 Plusquamp.
385 2390 475 2422 εοΙίιί
490 2392 597 2422 erant.

199 2435 325 2476 far-tim
356 2438 386 2467 et
428 2446 489 2476 per
527 2435 720 2466 latrocinia.-
769 2432 825 2464 Sie

155 2480 284 2511 stehlen
302 2480 362 2511 auf
377 2480 649 2520 Schleichwegen
668 2479 732 2509 uud
750 2488 827 2509 rau-

154 2526 217 2557 ben
232 2525 336 2556 durch
349 2525 434 2556 offne
449 2523 583 2556 Gewalt
597 2524 652 2555 die
662 2523 825 2555 Wiirdcu.

202 2570 233 2602 8.
259 2580 298 2601 ac
314 2580 399 2601 non.-
417 2581 457 2600 zu
475 2570 547 2601 Cat.
567 2569 620 2609 52,
642 2570 691 2600 15.

225 2625 342 2652 Sallust,
383 2629 409 2652 5.
422 2625 503 2650 Aufl.

899 1502 929 1521 u.
948 1501 974 1522 s.
994 1493 1058 1522 W.“
1085 1492 1151 1523 Der
1168 1493 1248 1523 Sinu
1264 1493 1307 1524 ist
1325 1493 1402 1531 „die
1419 1494 1571 1526 Wiirden

898 1537 1067 1575 gestalton
1098 1537 1170 1568 sich
1199 1537 1253 1569 bei
1288 1539 1392 1569 ihrem
1427 1539 1570 1578 Besstze,

901 1581 954 1612 bei
994 1581 1088 1612 ihrer
1121 1582 1347 1623 Handhabuug
1384 1593 1468 1623 ganz
1500 1585 1570 1615 dem

900 1624 1007 1657 Masse
1047 1627 1106 1657 der
1141 1628 1314 1659 sittlicben
1352 1627 1571 1669 Tiiehtigkeit

900 1671 1038 1708 dassen,
1069 1672 1129 1702 der
1147 1673 1196 1703 sie
1214 1673 1290 1704 inne
1318 1673 1392 1713 hat,
1420 1679 1573 1715 entspre-

900 1715 1040 1746 chend“.
1094 1716 1223 1748 Daraus
1258 1717 1362 1758 folgt,
1395 1718 1473 1749 dass
1506 1719 1572 1757 die,

898 1760 1027 1791 welche
1055 1772 1116 1792 nur
1142 1761 1246 1793 durch
1265 1763 1436 1795 schleehte
1455 1763 1571 1795 Mittel

899 1815 973 1836 zum
993 1806 1089 1837 Amte
1105 1807 1268 1847 gelangen
1287 1806 1444 1847 konuten,
1466 1808 1571 1840 durch

898 1849 955 1881 das
973 1850 1051 1881 Amt
1074 1852 1181 1883 selbst
1212 1852 1322 1884 nichts
1351 1863 1392 1884 an
1422 1853 1571 1885 inuerem

900 1894 1043 1926 Werthe
1075 1896 1140 1927 und
1173 1907 1214 1928 an
1248 1897 1338 1929 Ehre
1379 1898 1570 1937 gewiunen.

944 1987 974 2015 9.
1001 1984 1155 2018 liber-lus:
1172 1987 1282 2026 „ohne
1299 1987 1385 2019 mich
1402 1997 1511 2027 geuug
1528 1999 1570 2019 au

896 2029 955 2061 das
975 2028 1029 2061 fiir
1046 2030 1156 2062 hlol'se
1176 2031 1495 2072 Vorbemerkungeu
1513 2042 1570 2072 ge-

896 2079 1037 2107 stattete
1057 2075 1141 2107 Mass
1159 2087 1200 2107 zu
1215 2076 1358 2107 binden“
1377 2078 1405 2107 d.
1423 2077 1444 2108 i.
1464 2078 1572 2117 „iiber

897 2121 1009 2151 dieses
1030 2120 1114 2151 Mass
1133 2120 1287 2152 hinaus“.

941 2163 1061 2196 altius:
1090 2165 1154 2196 Ein
1178 2165 1343 2198 Erkliirer
1376 2170 1451 2205 sagt
1477 2168 1575 2207 quasi

896 2211 930 2239 in
948 2218 1043 2241 mare
1061 2210 1179 2242 altum.

943 2253 984 2288 5.
1036 2256 1062 2286 1.
1093 2257 1285 2297 scripturus
1314 2266 1409 2286 sum:
1442 2256 1574 2296 eigent-

897 2298 1004 2331 liches
1025 2299 1189 2331 Praesens
1207 2301 1354 2342 periphr.

942 2345 1102 2385 variaque
1118 2346 1273 2376 victoria:
1305 2345 1417 2378 Ablat.
1435 2346 1571 2388 qualit.3

898 2390 966 2428 vgl.
987 2400 1028 2420 zu
1052 2393 1076 2422 Ι.
1092 2391 1126 2421 v1.

945 2434 974 2465 3.
1007 2433 1163 2475 eoepedc'o:
1186 2434 1254 2465 Der
1273 2433 1374 2466 ludio.
1392 2435 1506 2467 praes.
1525 2435 1571 2466 ist

898 2488 982 2517 ganz
1006 2480 1078 2510 dem
1104 2478 1400 2519 Sprachgcbrauch
1422 2480 1569 2520 gemal‘s:

899 2533 935 2554 so
955 2523 1024 2555 Cic.
1045 2534 1071 2565 p.
1092 2523 1164 2554 Mil.
1183 2525 1214 2562 3,
1231 2526 1246 2555 Ἰ
1265 2524 1324 2556 sed
1334 2529 1515 2566 antequam.
1528 2524 1574 2555 ad

898 2578 972 2599 eam
991 2570 1173 2600 orationem
1191 2571 1298 2609 venio,
1316 2580 1400 2611 quae
1416 2572 1467 2602 est
1490 2579 1570 2612 pro-

1258 2627 1277 2636 ‚-

1265 2638 1272 2658 t
