1720 2875
460 120 517 152 DE
535 119 676 152 BELLO
701 118 904 153 IUGURTH.
953 119 988 151 C.
1010 119 1153 153 14—17.
1444 121 1522 159 113

114 223 206 262 vitia
228 235 299 262 sua
320 222 455 262 callide
476 222 685 261 occultans.
729 220 767 259 Is
787 227 996 272 postquam
1021 221 1126 261 videt
1152 221 1255 271 regis
1281 221 1524 271 largitionem
1551 233 1568 262 5

113 280 306 318 famosam
326 279 676 330 inpudentemque,
699 276 843 316 veritus
859 306 868 322 ,
890 278 993 327 quod
1016 278 1057 316 in
1078 277 1143 316 tali
1164 289 1206 315 re
1227 277 1346 322 solet,
1369 289 1418 316 ne
1439 278 1523 328 pol-

111 335 196 375 luta
217 335 371 374 licentia
393 335 576 374 invidiam
604 333 852 378 accenderet,
880 333 1056 373 animum
1087 346 1107 372 a
1136 340 1320 373 consueta
1349 333 1523 372 lubidine

115 392 325 432 continuit.
372 391 470 430 Vicit
491 396 622 429 tamen
645 390 685 428 in
708 395 848 428 senatu
868 402 956 440 pars
986 391 1070 434 illa,
1102 402 1201 440 quae
1231 402 1321 429 vero
1351 390 1522 442 pretium
1549 394 1594 428 lo

114 453 181 487 aut
200 448 363 498 gratiam
386 447 637 486 anteferebat.
670 446 877 484 Decretum
899 446 952 492 fit,
974 447 1031 485 uti
1051 447 1187 485 decem
1209 447 1324 496 legati
1344 459 1522 497 regnum,
1550 458 1568 488 2

115 505 220 555 quod
240 504 395 554 Micipsa
417 502 650 547 obtinuerat,
673 503 777 541 inter
797 502 1023 552 Iugurtham
1043 508 1082 542 et
1097 502 1355 542 Adherbalem
1373 503 1520 542 divide-

112 567 216 599 rent.
262 560 379 599 Cuius
408 559 611 608 legationis
640 558 824 609 princeps
852 560 925 598 fuit
952 559 994 598 L.
1018 559 1217 610 Opimius,
1245 559 1363 598 homo
1394 559 1521 599 clarus

112 623 153 655 et
173 622 258 655 tum
280 616 321 655 in
342 621 483 654 senatu
503 622 664 666 potens,
698 615 786 665 quia
818 616 956 654 consul
977 616 1016 654 C.
1038 616 1213 654 Graccho
1246 620 1284 654 et
1311 615 1360 653 M.
1382 615 1519 654 Fulvio

115 673 250 711 Flacco
270 671 485 711 interfectis
507 683 709 711 acerrume
732 672 932 710 victoriam
950 672 1164 711 nobilitatis
1179 671 1220 709 in
1237 671 1390 722 plebem
1409 684 1520 711 exer-

111 734 258 767 cuerat.
302 728 404 767 Eum
428 728 609 778 Iugurtha
632 727 788 766 tametsi
810 728 957 767 Romae
978 729 1017 767 in
1040 728 1207 768 inimicis
1228 728 1430 773 habuerat,
1462 735 1523 767 ta·
1547 736 1565 766 3

114 798 206 824 men
226 783 532 824 accuratissume
551 784 720 835 recepit3
754 785 882 824 dando
906 791 943 824 et
964 785 1182 836 pollicendo
1205 786 1326 824 multa
1348 784 1523 835 perfecit,

114 842 171 881 uti
190 841 317 880 famae
339 841 435 885 fide,
469 846 669 892 postremo
691 841 873 880 omnibus
894 841 975 880 suis
996 842 1115 880 rebus
1138 841 1391 880 commodum
1420 841 1522 891 regis

109 898 338 937 anteferret.
371 897 556 951 Reliquos
578 898 725 946 legatos
748 897 882 936 eadem
904 898 962 936 via
983 909 1200 948 aggressus,
1223 898 1435 948 plerosque
1457 910 1521 936 ca·
1546 906 1567 936 4

112 954 190 1005 pit3
220 954 354 1005 paucis
377 954 499 993 carior
521 954 616 992 fides
638 966 754 1004 quam
777 954 942 1005 pecunia
970 954 1057 993 fuit.
1104 954 1150 992 111
1178 953 1388 999 divisione,
1423 966 1522 1005 quae
1549 963 1565 992 5

110 1023 200 1061 pars
223 1010 427 1050 Numidiae
449 1010 728 1049 Mauretaniam
758 1010 930 1061 attingit,
961 1022 1052 1060 agro
1081 1010 1252 1060 virisque
1286 1010 1519 1061 opulentior.

109 1067 319 1118 Iugurthae
348 1067 533 1113 traditur,
568 1066 668 1105 illam
699 1067 858 1106 alteram
891 1067 1017 1118 specie
1054 1079 1170 1117 quam
1207 1079 1281 1105 usu
1314 1066 1520 1117 potiorem,

111 1136 212 1174 quae
231 1123 457 1175 portuosior
479 1129 517 1162 et
539 1122 723 1162 aedificiis
746 1124 868 1174 magis
890 1128 1077 1163 exornata
1097 1128 1191 1169 erat,
1213 1123 1406 1162 Adherbal
1427 1135 1519 1174 pos-

111 1180 225 1218 sedit.

223 1236 300 1275 Res
321 1235 519 1287 postulare
540 1235 693 1274 videtur
713 1235 863 1274 Africae
885 1236 1003 1274 situm
1025 1236 1157 1286 paucis
1180 1247 1373 1286 exponere
1395 1240 1434 1274 et
1457 1248 1522 1274 eas
1544 1238 1586 1272 17

110 1292 253 1341 gentis,
275 1291 510 1343 quibuscum
532 1292 644 1330 nobis
665 1291 811 1330 bellum
833 1298 899 1330 aut
921 1292 1187 1337 amicitiamn,
1209 1291 1413 1343 attingere.
1445 1291 1522 1330 Sed
1549 1296 1567 1327 2

109 1360 210 1400 quae
229 1348 312 1386 loca
333 1353 371 1386 et
392 1348 569 1387 nationes
591 1347 640 1386 ob
664 1348 835 1387 calorem
856 1354 922 1387 aut
941 1349 1203 1399 asperitatem,
1224 1349 1318 1386 item
1339 1347 1520 1388 solitudi-

109 1473 188 1504 bald
204 1474 350 1505 nachher
359 1473 494 1514 Consul,
512 1473 692 1513 639015),
710 1473 775 1504 und

104 1519 264 1561 princeps
288 1521 431 1550 senatus.
480 1518 598 1550 Cicero
624 1518 777 1550 erwahnt

110 1562 225 1594 seiner
243 1563 348 1601 (Brut.
369 1563 420 1602 29,
443 1563 518 1602 111)
537 1563 586 1594 als
604 1563 700 1594 eines
716 1573 775 1594 sa—

107 1609 228 1650 pientis
243 1608 389 1640 Ιιοηιίηίε
417 1610 450 1638 et
479 1609 570 1649 recti,
599 1609 664 1639 und
693 1608 776 1640 auch

106 1657 206 1684 sonst
223 1653 282 1685 mit
297 1652 444 1694 grossem
462 1652 562 1684 Lobe.

155 1698 184 1728 ὁ.
200 1697 343 1740 polluta:
369 1698 513 1730 Scaurus
532 1698 670 1730 scheute
703 1697 776 1730 sich

106 1738 192 1775 flach
209 1742 290 1775 Sall.
341 1743 501 1782 Meinung
525 1743 618 1774 nicht
636 1753 698 1775 vor
715 1743 775 1774 der

108 1786 262 1819 Willkiir
279 1800 319 1822 an
345 1788 418 1820 sich
441 1787 558 1828 selbst,
589 1789 677 1820 wohl
694 1788 775 1820 aber

107 1843 171 1865 vor
211 1833 272 1865 der
312 1834 418 1865 durch
466 1831 774 1874 offenkundige

106 1877 257 1910 Feilheit
319 1878 514 1919 entehrten,
579 1879 652 1910 also
715 1878 776 1909 mit

107 1923 268 1955 schmach
299 1922 490 1956 behafteten
525 1922 678 1956 Willkiir
710 1923 776 1955 und

108 1969 213 2000 deren
262 1968 398 2009 Folgen.
468 1968 502 2000 ln
550 1969 775 2001 verwandtem

106 2013 209 2045 Sinne
248 2015 444 2047 bezeichnet
481 2014 625 2056 pollutus
658 2014 717 2054 63,
756 2014 774 2044 7

109 2068 217 2095 (wenti
242 2060 319 2092 dort
335 2060 389 2091 die
412 2058 535 2091 Lesart
568 2059 693 2100 richtig
716 2059 776 2098 ist)

107 2104 205 2135 einen
238 2104 438 2144 Menschen‚
470 2105 529 2136 der
561 2104 611 2136 als
643 2104 775 2143 unrein,

107 2149 295 2191 unehrlich,
325 2161 390 2182 von
419 2150 574 2181 Anderen
603 2149 775 2190 gemieden

112 2194 211 2225 wird.

158 2235 219 2271 16.
250 2242 276 2273 1.
302 2250 396 2272 vero.-
413 2240 482 2281 vgl.
500 2240 554 2278 30,
573 2240 603 2271 2.

155 2284 184 2315 2.
214 2283 382 2328 Opimius:
407 2285 455 2318 Er
482 2284 559 2317 liel‘s
589 2285 640 2317 als
677 2283 775 2316 Cous.

109 2328 173 2360 633
207 2330 298 2369 (121)
338 2332 422 2362 nach
454 2331 646 2362 erhaltener
678 2329 776 2362 Voll-

107 2373 228 2413 macht,
245 2376 299 2406 uti
325 2374 362 2407 L.
393 2375 533 2419 Opimus
561 2375 678 2408 consul
703 2385 775 2407 rem

103 2418 275 2460 publicam
313 2419 525 2461 defenderet,
563 2421 616 2452 die
655 2419 774 2452 beiden

104 2464 182 2495 hier
206 2470 392 2504 genannten
419 2466 560 2498 Miinner
588 2466 655 2497 und
684 2465 774 2496 vicle

107 2509 244 2542 Andere
273 2510 335 2541 mit
353 2510 568 2543 bewaffneter
585 2511 678 2543 Hand
698 2520 775 2542 ver-

108 2552 219 2594 solgen
236 2554 300 2586 und
317 2555 441 2588 tb'dtcn.
486 2555 594 2588 Ueber
623 2556 680 2588 ihu
710 2554 775 2587 und

177 2610 291 2636 Sallust.
331 2614 357 2638 5.
379 2611 454 2636 Aufl.

849 1473 992 1506 Fulvius
1012 1484 1039 1506 s.
1057 1485 1100 1505 zu
1117 1474 1170 1513 31,
1196 1474 1226 1507 7.
1274 1473 1356 1506 Sall.
1386 1474 1519 1507 Urtheil

850 1519 933 1551 iiber
950 1519 1042 1551 diese
1059 1519 1258 1560 Ereignisse
1276 1530 1302 1551 s.
1321 1518 1397 1562 Cap.
1419 1519 1474 1552 42.

896 1577 926 1608 3.
952 1577 985 1607 in
999 1577 1165 1607 inimicis:
1182 1587 1207 1607 s.
1232 1576 1282 1614 15,
1300 1576 1319 1607 3
1337 1587 1368 1607 u.
1388 1577 1418 1607 4.
1468 1576 1516 1608 Da

848 1631 924 1652 man
941 1621 1002 1652 den
1020 1620 1145 1652 Zweck
1173 1621 1230 1653 des
1257 1621 1333 1661 Jug.
1364 1621 1416 1652 bei
1446 1622 1518 1653 dem

848 1676 959 1698 accur.
988 1668 1110 1708 recepit
1140 1666 1293 1706 sogleich
1321 1667 1458 1704 erriith,
1481 1677 1518 1698 so

848 1711 946 1743 liel'se
964 1712 1037 1742 sich
1053 1711 1199 1750 meinen,
1222 1712 1300 1743 dass
1318 1712 1400 1744 Sall.
1426 1712 1518 1743 hatte

848 1766 950 1797 sag-en
968 1756 1101 1787 kb'nnen
1117 1758 1213 1797 quia
1229 1755 1355 1788 Romae
1370 1758 1403 1787 in
1421 1758 1516 1788 inim.

847 1802 1016 1840 habuerat,
1039 1811 1149 1833 accur.
1176 1803 1310 1844 recepit.
1336 1801 1426 1833 Aber
1443 1812 1516 1833 man

848 1846 954 1878 denke
989 1847 1063 1878 sich
1091 1847 1143 1878 die
1169 1848 1273 1879 Sache
1303 1858 1340 1879 so
1370 1847 1516 1879 erz'ahlt:

847 1903 925 1924 eum
940 1891 1018 1933 Ing.
1043 1894 1178 1923 tametsi
1204 1892 1243 1925 R.
1273 1894 1307 1923 in
1336 1893 1429 1924 inim.
1459 1893 1519 1923 Ιια-

848 1938 977 1976 Imerat,
1018 1940 1131 1968 tamen
1171 1947 1282 1969 accur.
1320 1937 1519 1979 recipiendo,

847 1985 1024 2025 praeterea
1053 1982 1162 2014 dando
1198 1985 1231 2014 et
1265 1983 1373 2024 pollio.
1410 1982 1519 2014 multa

843 2028 990 2071 perfecit
1008 2033 1070 2060 etc.

893 2084 978 2127 fide:
996 2083 1209 2116 Contrahirte
1223 2083 1430 2118 Dativform:
1450 2084 1521 2123 vgl.

847 2140 890 2160 zu
907 2132 937 2169 6,
958 2129 987 2161 1.
1004 2148 1047 2152 —-
1061 2130 1253 2169 Bedeutung
1268 2129 1343 2161 hier
1360 2127 1519 2168 „Gewis-

849 2173 1129 2214 senhastigkeit.“

893 2232 922 2262 5.
950 2230 1131 2262 divisione.-
1157 2229 1277 2262 Livius
1307 2235 1394 2262 setzt
1423 2230 1517 2262 diese

849 2275 1036 2315 vorliiufige
1056 2275 1314 2317 Entscheidung,
1333 2276 1417 2307 nach
1430 2275 1517 2317 Epit.

849 2321 891 2352 62
909 2322 939 2352 is
955 2320 1171 2360 (Adherbal)
1196 2331 1218 2352 a
1241 2322 1360 2353 senatu
1377 2322 1519 2352 restitu-

849 2368 905 2397 tus
927 2368 998 2406 est,
1022 2366 1054 2397 in
1079 2367 1138 2397 das
1162 2366 1188 2398 J.
1221 2366 1285 2399 638
1317 2366 1407 2407 (116)
1437 2366 1517 2398 oder

849 2411 1025 2443 vielleicht
1043 2411 1077 2442 in
1096 2412 1154 2443 das
1172 2412 1458 2453 vorhergehende.

889 2464 1055 2508 possedit.-
1077 2466 1153 2498 hier
1176 2466 1240 2498 wie
1269 2466 1320 2506 18,
1349 2467 1385 2500 11
1407 2478 1436 2498 u.
1463 2467 1516 2507 12;

848 2510 903 2550 48,
921 2511 954 2551 3,
984 2521 1047 2542 von
1076 2511 1208 2552 possido
1239 2511 1317 2552 „ich
1335 2514 1449 2545 nehme
1481 2514 1514 2544 iu

850 2555 1004 2596 Besitz“;
1029 2555 1126 2588 Lucr.
1145 2556 1183 2589 de
1198 2555 1234 2588 R.
1254 2556 1295 2589 N.
1317 2558 1346 2600 1,
1370 2557 1433 2589 385
1458 2559 1515 2589 αὲν

1237 2621 1257 2647 0
