1720 2875
202 116 281 155 194

691 114 726 146 C.
752 112 962 147 SALLUSTI
981 112 1116 146 CRISPI

127 224 176 260 91
198 216 363 256 Tanain.
397 215 583 255 Ceterum
603 215 645 254 in
666 215 809 255 itinere
839 215 981 255 cotidie
1008 227 1129 266 pecus
1161 215 1350 255 exercitui
1378 228 1448 267 per
1469 220 1613 255 centu-

197 273 276 313 rias
298 273 392 311 item
408 277 559 311 turmas
577 272 793 323 aequaliter
809 271 1060 311 distribuerat
1081 276 1119 310 et
1140 284 1186 310 ex
1202 271 1320 310 coriis
1336 278 1445 312 utres
1467 271 1526 311 uti
1543 271 1613 311 fie-

198 335 289 368 rent
311 327 491 374 curabat3
513 327 631 367 simul
651 328 824 379 inopiam
845 328 1038 367 frumenti
1059 328 1183 367 lenire
1205 333 1246 367 et
1266 327 1409 379 ignaris
1426 328 1614 368 omnibus

199 396 336 436 parare
358 396 457 435 quae
479 396 569 423 mox
590 384 678 423 usui
699 384 847 423 forent:
870 384 1040 435 denique
1055 390 1166 424 sexto
1188 384 1263 430 die,
1285 396 1374 423 cum
1396 385 1444 423 ad
1464 384 1616 424 flumen

154 451 174 483 2
200 446 362 480 ventum
381 445 453 484 est,
470 452 653 479 maxuma
669 440 726 479 vis
738 440 888 480 utrium
900 441 1048 480 effecta.
1080 440 1134 479 lbi
1144 440 1282 480 castris
1293 440 1367 480 levi
1384 440 1615 480 munimen—

197 503 239 535 to
261 496 401 548 positis
423 496 567 535 milites
589 496 720 536 cibum
742 509 880 548 capere
898 502 1026 548 atque,
1050 497 1107 536 uti
1124 497 1240 535 simul
1258 509 1347 536 cum
1366 509 1507 536 occasu
1522 496 1616 536 solis

200 553 496 603 egrederentur,
519 557 673 603 paratos
692 565 779 591 esse
795 552 928 598 iubet;
949 553 1132 592 omnibus
1150 553 1316 593 sarcinis
1332 553 1493 592 abiectis
1515 564 1618 604 aqua

154 621 173 653 3
201 609 319 648 modo
342 621 464 660 seque
481 614 519 648 et
539 609 714 648 iumenta
731 621 908 648 onerare.
940 609 1050 654 Dein,
1074 616 1282 661 postquam
1300 615 1460 660 tempus
1478 608 1616 655 visum,

203 665 338 705 castris
361 665 557 716 egreditur
578 671 812 716 noctemque
834 670 955 705 totam
986 665 1127 705 itinere
1155 666 1256 705 facto
1285 666 1484 712 consedit;
1511 665 1618 704 idem

202 733 395 773 proxuma
415 721 525 767 facit3
547 721 638 760 dein
660 722 774 764 tertia
794 722 919 760 multo
937 727 1028 760 ante
1044 722 1141 761 lucis
1159 722 1368 762 adventum
1382 721 1561 772 pervenit
1576 720 1618 760 in

203 778 335 817 locum
352 778 609 820 tumulosum,
628 777 674 817 ab
684 778 806 829 Capsa
823 790 902 817 non
913 778 1079 829 amplius
1091 779 1211 817 duum
1232 778 1384 817 milium
1401 777 1618 823 intervallo,

203 833 339 886 ibique
362 846 480 885 quam
500 834 780 873 occultissume
803 840 931 885 potest
948 847 1037 873 cum
1060 834 1246 874 omnibus
1269 834 1388 885 copiis
1405 834 1618 885 opperitur.

155 898 177 931 4
202 890 280 929 Sed
301 890 368 929 ubi
390 890 472 929 dies
489 890 617 941 coepit
633 896 672 928 et
689 890 880 930 Numidae
898 890 993 929 nihil
1011 891 1153 930 hostile
1170 896 1393 930 metuentes
1412 889 1526 929 multi
1547 901 1620 941 op-

200 946 293 998 pido
315 946 475 996 egressi,
496 951 658 997 repente
681 959 842 986 omnem
864 946 1083 998 equitatum
1101 952 1139 985 et
1156 959 1246 985 cum
1263 947 1319 986 eis
1337 946 1619 985 velocissumos

200 1002 354 1054 pedites
373 1015 490 1042 cursu
508 1003 669 1042 tendere
686 1004 731 1042 ad
750 1002 914 1053 Capsam
932 1008 969 1041 et
985 1009 1117 1053 portas
1135 1002 1314 1041 obsidere
1332 1002 1462 1049 iubet3
1479 1002 1619 1041 deinde

156 1068 176 1100 5
199 1058 284 1110 ipse
305 1058 481 1098 intentus
503 1071 671 1110 propere
691 1059 803 1110 sequi
825 1071 955 1110 neque
974 1058 1115 1097 milites
1138 1058 1316 1109 praedari
1333 1059 1478 1098 sinere.
1510 1058 1620 1105 Quae

199 1120 409 1166 postquam
421 1115 604 1166 oppidani
615 1126 846 1165 cognovere,
867 1127 930 1154 res
952 1115 1137 1166 trepidae,
1157 1121 1284 1154 metus
1306 1115 1458 1166 ingens,
1474 1115 1620 1154 malum

199 1171 460 1221 inprovisum,
484 1171 531 1210 ad
553 1171 627 1209 hoc
648 1183 736 1222 pars
759 1171 903 1210 civium
927 1176 1036 1210 extra
1059 1171 1212 1210 moenia
1240 1171 1280 1210 in
1311 1170 1483 1210 hostium
1507 1175 1620 1222 pote-

155 1235 175 1268 6
201 1232 302 1266 state
324 1239 496 1277 coegere,
517 1227 575 1266 uti
597 1227 840 1266 deditionem
861 1228 1047 1267 facerent.
1069 1227 1250 1267 Ceterum
1269 1227 1458 1278 oppidum
1482 1227 1619 1266 incen-

199 1295 301 1329 sum,
325 1283 517 1322 Numidae
537 1282 707 1334 puberes
728 1283 940 1328 interfecti,
962 1284 1022 1323 alii
1040 1295 1180 1323 omnes
1199 1296 1343 1323 venum
1362 1284 1453 1329 dati,
1477 1283 1621 1334 praeda

153 1351 172 1382 7
199 1338 391 1378 militibus
414 1340 550 1378 divisa.
583 1339 626 1378 ld
646 1340 798 1379 facinus
819 1345 958 1380 contra
979 1340 1039 1380 ius
1069 1340 1160 1380 belli
1192 1352 1274 1380 non
1305 1340 1466 1379 avaritia
1489 1351 1621 1390 neque

205 1395 354 1434 scelere
375 1396 547 1435 consulis
569 1396 796 1442 admissum,
818 1397 887 1435 sed
904 1397 994 1448 quia
1011 1396 1118 1436 locus
1135 1397 1345 1447 Iugurthae
1360 1401 1621 1447 opportunus,

205 1451 319 1491 nobis
341 1452 446 1491 aditu
470 1452 652 1498 difficilis,
675 1464 800 1503 genus
823 1453 1030 1492 hominum
1052 1453 1197 1492 mobile
1218 1453 1400 1497 infidum,
1432 1458 1525 1492 ante
1548 1463 1621 1492 ne-

207 1519 282 1559 que
303 1508 494 1547 beneficio
516 1520 646 1560 neque
667 1514 776 1548 metu
797 1509 1023 1549 coercitum.

252 1602 317 1641 91.
346 1610 373 1642 1.
390 1619 454 1651 per
465 1611 634 1642 centurias
651 1634 658 1641 .
678 1634 685 1641 .
703 1635 711 1644 .
729 1609 879 1652 aequali-

204 1657 276 1686 ter:
293 1653 370 1685 Alle
379 1654 562 1686 Centurien
581 1654 741 1687 bekamen
752 1655 879 1696 gleich-

206 1699 277 1731 viel
300 1699 366 1730 und
390 1699 606 1740 desgleichen
638 1700 707 1732 alle
731 1699 879 1733 Tur-men

206 1743 402 1785 gleichviel.

252 1798 346 1820 cum:
370 1803 391 1815 =
408 1799 472 1830 quo
503 1788 569 1821 die.
629 1789 691 1820 Am
721 1790 877 1821 seehstou

206 1833 297 1874 Tage
314 1834 398 1865 nach
412 1833 484 1865 dem
493 1834 698 1866 Abmarsche
715 1844 787 1866 war
804 1845 878 1868 man

207 1889 249 1910 an
267 1878 329 1910 deu
350 1877 450 1910 Fluss
466 1880 615 1920 gelaugt.

255 1923 287 1956 2.
313 1924 368 1955 uti
386 1949 392 1954 .
412 1948 420 1955 .
439 1947 446 1955 .
464 1923 723 1966 egrederentur:
748 1924 794 1956 ist
829 1925 880 1958 als

209 1968 262 2001 ein
290 1966 347 1999 fiir
371 1968 445 2000 sich
467 1969 690 2001 bestehender
708 1968 884 2002 Absichts-

208 2017 282 2045 satz
302 2023 376 2052 „um
398 2014 668 2054 auszui·iicken“‚
693 2015 758 2045 und
775 2024 882 2057 para-

208 2061 259 2090 tos
290 2058 519 2099 adjectivisch
561 2059 628 2090 und
669 2058 804 2091 absolut
842 2071 884 2092 zu

209 2103 369 2142 nehmen3
400 2103 483 2136 eben
515 2114 552 2136 so
581 2104 673 2136 Caes.
692 2104 724 2135 B.
754 2103 793 2135 G.
814 2104 883 2146 2‚9

209 2149 321 2181 nostri
340 2151 466 2187 autem,
491 2150 524 2181 si
546 2149 587 2181 ab
611 2149 682 2181 illis
711 2149 882 2192 (hostibus)

209 2194 348 2225 initium
362 2193 560 2226 transeundi
572 2194 676 2234 fieret,
687 2197 726 2227 ut
742 2196 883 2237 impedi-

206 2241 255 2270 tos
273 2238 556 2280 aggrederentur,
579 2242 696 2282 parati
718 2241 751 2270 2¹71
776 2243 884 2273 armis

205 2286 304 2316 erant
321 2302 364 2306 —
383 2283 426 2315 lm
446 2283 540 2324 Folg.
566 2285 612 2316 ist
635 2295 778 2317 onerare
796 2287 883 2318 noch

209 2338 276 2360 von
294 2330 387 2360 iubet
403 2329 580 2370 abhangig.

257 2372 287 2404 3.
313 2374 542 2406 tumulosum:
559 2385 600 2406 zu
618 2373 672 2414 66,
692 2374 723 2407 2.

257 2418 289 2450 4.
315 2418 486 2451 obsidere.-
504 2419 569 2451 wie
587 2419 660 2451 Cat.
678 2420 733 2460 45,
753 2419 782 2450 2.

257 2463 289 2495 5.
311 2473 394 2506 pars
412 2489 420 2497 .
437 2488 461 2495 ..
480 2465 516 2496 in
534 2465 682 2496 hostium
697 2467 880 2508 potestate.-

209 2507 296 2548 „der
322 2507 492 2549 Umstand‚
523 2510 602 2541 dass
632 2511 687 2542 ein
718 2509 816 2542 Theil
846 2511 880 2542 in

211 2551 415 2585 feiudlichex·
433 2553 567 2586 Gewalt
586 2554 692 2586 war“.

997 1620 1150 1652 coegere,
1168 1612 1238 1642 uti.-
1253 1609 1335 1642 San.
1346 1611 1404 1643 hat
1418 1615 1515 1643 senst
1531 1610 1625 1643 nieht

952 1659 989 1687 ut
1013 1657 1096 1687 nach
1127 1665 1251 1697 cogere.
1314 1655 1360 1688 Es
1379 1655 1445 1688 soll
1474 1655 1624 1688 dadurch

951 1700 1011 1733 das
1021 1700 1201 1732 wirklichc
1211 1699 1409 1734 Gescheheu
1422 1701 1482 1733 der
1492 1700 1624 1734 Uebor-

951 1745 1035 1786 gabe
1053 1745 1146 1777 meln-
1169 1746 1445 1786 hervorgehohen
1473 1746 1619 1778 werden.

996 1790 1028 1822 6.
1068 1793 1235 1823 ceterum:
1266 1790 1368 1823 Dat-iu
1398 1791 1480 1831 liegt
1509 1791 1623 1832 „iibri-

951 1845 1032 1876 gens
1051 1833 1126 1866 half
1148 1846 1183 1867 es
1203 1835 1301 1867 ihnen
1321 1836 1450 1871 nichts;
1476 1836 1624 1868 sondorn

952 1880 1005 1912 die
1023 1880 1121 1912 stadt
1139 1880 1228 1912 etc.“
1277 1880 1357 1913 Dies
1375 1881 1521 1923 geschah
1539 1881 1624 1913 nach

954 1924 1277 1958 widerstandsloser
1296 1925 1489 1967 Uebergabe
1505 1927 1625 1958 contra

955 1972 1011 2002 ius
1027 1969 1112 2002 belli.

999 2015 1127 2058 praeda
1144 2039 1150 2046 .
1171 2039 1178 2046 .
1198 2040 1205 2047 .
1222 2015 1352 2047 divisa.-
1368 2026 1409 2047 zu
1427 2016 1481 2054 87,
1501 2017 1529 2050 1.

1002 2061 1033 2091 7.
1080 2070 1193 2102 genus
1230 2062 1403 2093 hominum
1444 2065 1510 2094 eto.
1573 2059 1624 2092 ob

956 2104 1040 2137 Sall.
1077 2105 1152 2137 hier
1182 2116 1243 2137 nur
1271 2106 1366 2138 einen
1396 2105 1534 2138 Schluss
1563 2114 1624 2137 aua

956 2150 1029 2182 dem
1076 2150 1296 2191 allgemeinen
1336 2150 1525 2183 Chai-ahter
1564 2151 1625 2183 dor

956 2194 1120 2227 Numider
1143 2196 1252 2228 macht
1284 2196 1366 2236 (vgl.
1396 2196 1450 2235 46,
1478 2195 1513 2236 3)
1543 2195 1626 2228 odor

956 2241 998 2273 ob
1016 2240 1070 2272 dio
1087 2240 1207 2272 Romet-
1228 2250 1288 2273 aus
1318 2240 1474 2273 l'riiberen
1506 2238 1626 2272 Erfah-

957 2295 1085 2326 rung-en
1106 2285 1159 2316 die
1173 2285 1378 2317 Einwolmer
1386 2296 1451 2317 von
1462 2284 1569 2329 Capsa
1581 2285 1626 2317 im

956 2329 1147 2363 Besondern
1167 2330 1295 2362 kenneu
1329 2331 1463 2371 gelet-nt
1495 2331 1625 2371 hatten,

955 2376 1042 2409 lasst
1060 2375 1132 2407 sich
1150 2375 1241 2407 nicht
1257 2375 1371 2407 sicher
1389 2375 1624 2415 entseheiden;

955 2421 1041 2453 doch
1073 2420 1204 2461 sprieht
1237 2421 1297 2452 der
1331 2420 1514 2460 Umstaud,
1546 2420 1624 2452 dass

954 2465 1035 2498 Sall.
1056 2464 1138 2496 eben
1168 2465 1239 2496 ihi-e
1270 2475 1446 2506 grausame
1476 2465 1626 2497 Behand·

953 2511 1034 2550 lung
1051 2510 1154 2541 durch
1189 2510 1372 2542 besoiide1·e
1404 2509 1542 2542 Griindo
1570 2519 1626 2542 er-

952 2555 1071 2587 kliiren
1089 2555 1180 2596 will,
1209 2555 1276 2587 und
1309 2555 1422 2587 ferne:-
1451 2556 1512 2588 ἀοι·
1545 2554 1624 2588 Satz
