1720 2875
162 139 217 179 22
655 138 690 172 c,
716 138 924 174 SALLUSTI
950 139 1084 173 CRISPI

164 241 271 294 peria
292 241 488 292 binosque
509 241 766 292 imperatores
787 243 861 283 sibi
882 244 1033 284 fecere:
1056 255 1102 282 eo
1126 241 1244 281 modo
1261 242 1434 283 minume
1451 257 1568 296 posse

107 309 130 346 7
164 298 353 350 putabant
374 310 446 349 per
465 297 661 337 licentiam
684 300 916 340 insolescere
937 300 1112 340 animum
1134 300 1366 338 humanum.
1421 300 1496 340 Sed
1526 314 1571 341 ea

166 360 399 405 tempestate
440 366 606 405 coepere
635 368 678 395 se
712 356 876 408 quisque
912 356 1033 408 magis
1063 356 1247 395 extollere
1280 356 1477 408 magisque
1507 358 1570 398 in-

116 419 136 451 2
162 411 319 462 genium
347 410 388 449 in
413 417 600 462 promptu
627 412 782 452 habere.
823 413 920 453 Nam
942 413 1099 464 regibus
1120 412 1211 451 boni
1241 424 1357 464 quam
1385 413 1475 452 mali
1500 427 1569 454 su·-

117 476 136 508 3
161 467 376 518 spectiores
394 472 498 513 sunt,
519 479 752 521 semperque
769 469 824 509 eis
841 470 964 509 aliena
980 470 1102 509 virtus
1120 469 1374 508 formidulosa
1393 475 1462 508 est.
1493 470 1570 510 Sed

161 523 294 562 civitas
314 523 542 563 incredibile
563 533 784 565 memoratu
806 532 867 565 est
887 526 1026 577 adepta
1046 526 1224 565 libertate
1246 532 1440 577 quantum
1461 525 1571 566 brevi

115 588 136 620 4
162 579 346 618 creverit:
368 584 478 618 tanta
499 581 639 632 cupido
661 582 802 632 gloriae
824 583 1048 621 incesserat.
1088 582 1166 620 lam
1185 582 1356 633 primum
1372 582 1570 633 iuventus,

160 635 278 675 simul
300 648 345 674 ac
363 636 452 675 belli
473 637 623 688 patiens
646 644 739 685 erat,
772 639 812 677 in
842 639 980 678 castris
1011 650 1080 690 per
1100 638 1272 677 laborem
1294 651 1370 678 usu
1392 639 1569 679 militiam

163 691 347 737 discebat,
368 694 568 745 magisque
589 694 628 733 in
651 695 800 734 decoris
821 695 941 734 armis
963 701 1003 734 et
1024 694 1254 733 militaribus
1269 695 1379 746 equis
1396 708 1513 747 quam
1529 696 1571 736 in

115 758 134 788 5
161 748 299 788 scortis
320 755 435 800 atque
456 750 643 789 conviviis
666 751 879 791 lubidinem
900 752 1107 791 habebant.
1159 751 1280 802 [gitur
1310 751 1449 791 talibus
1478 753 1569 792 viris

160 816 243 844 non
264 805 372 844 labor
392 806 586 852 insolitus,
610 819 689 846 non
711 809 820 847 locus
844 808 941 847 ullus
963 820 1075 860 asper
1094 813 1160 846 aut
1189 808 1334 846 arduus
1365 813 1460 858 erat,
1489 821 1571 848 non

114 870 134 902 6
160 868 332 901 armatus
349 863 474 902 hostis
491 863 790 904 formidolosus:
810 865 932 904 virtus
953 865 1082 904 omnia
1094 865 1309 903 domuerat.
1334 864 1410 904 Sed
1426 865 1571 916 gloriae

162 929 390 957 maxumum
414 926 612 960 certamen
632 921 735 960 inter
756 922 862 973 ipsos
883 927 986 961 erat:
1021 934 1061 960 se
1082 920 1245 972 quisque
1268 921 1418 960 bostem
1440 922 1569 969 ferire,

162 987 321 1014 murum
338 975 591 1022 adscendere,
609 978 779 1030 conspici
798 979 890 1017 dum
908 978 983 1017 tale
1000 977 1150 1017 facinus
1159 978 1570 1029 faceretproperabat3

160 1043 225 1070 eas
247 1031 410 1078 divitias,
440 1045 523 1072 eam
554 1034 697 1073 bonam
727 1037 869 1073 famam
893 1046 1155 1086 magnamque
1187 1034 1430 1072 nobilitatem
1453 1040 1568 1086 puta·

161 1087 274 1133 bant;
302 1089 426 1128 laudis
455 1090 567 1136 avidi,
594 1092 781 1142 pecuniae
812 1091 989 1131 liberales
1012 1097 1141 1134 erant;
1169 1090 1329 1141 gloriam
1352 1090 1566 1141 ingentem,

114 1151 132 1182 7
159 1144 311 1184 divitias
339 1146 525 1185 honestas
554 1148 748 1186 volebant.
797 1148 1013 1186 Memorare
1041 1159 1209 1198 possem,
1237 1147 1377 1198 quibus
1403 1147 1444 1186 in
1473 1147 1568 1187 locis

159 1213 359 1241 maxumas
387 1203 560 1242 hostium
590 1205 720 1255 copias
737 1205 904 1255 populus
924 1205 1123 1243 Romanus
1141 1216 1255 1254 parva
1273 1216 1390 1242 mauu
1412 1204 1567 1249 fuderit,

158 1270 255 1309 quas
278 1258 384 1297 urbis
405 1266 545 1298 natura
573 1260 746 1300 munitas
772 1261 981 1312 pugnando
1010 1260 1166 1312 ceperit,
1196 1261 1236 1299 ni
1266 1272 1310 1299 ea
1330 1272 1393 1299 res
1414 1261 1567 1312 longius

157 1325 230 1353 nos
251 1314 297 1353 ab
319 1314 474 1366 incepto
495 1317 681 1356 traheret.

93 1372 120 1408 8
269 1370 346 1410 Sed
367 1374 542 1423 profecto
564 1375 722 1413 fortuna
742 1373 782 1412 in
805 1374 911 1413 omni
932 1386 975 1413 re
1000 1372 1244 1412 dominatur:
1269 1384 1312 1412 ea
1329 1385 1392 1411 res
1410 1378 1568 1412 cunctas

111 1435 131 1467 2
156 1440 203 1467 ex
223 1427 399 1467 lubidine
421 1430 543 1480 magis
560 1442 679 1482 quam
698 1443 743 1469 ex
760 1443 851 1469 vero
869 1430 1037 1470 celebrat
1054 1429 1328 1481 obscuratque.
1351 1429 1566 1469 Athenien-

159 1554 338 1587 schiedene
411 1555 828 1598 [lebersetzungsformen3

159 1600 228 1640 vgl.
254 1601 308 1639 46,
328 1600 365 1639 23
393 1599 460 1642 lug.
487 1602 540 1643 ²38,
560 1603 600 1643 43
618 1602 676 1634 Or.
695 1602 772 1644 Lep.
792 1602 829 1643 83

161 1645 219 1677 Or.
237 1644 325 1678 Phil.
345 1646 384 1686 3;
403 1648 438 1686 63
462 1647 511 1678 10.

206 1692 444 1733 imperatores.-
467 1691 523 1724 sie
540 1691 671 1724 hiessen
690 1691 830 1734 anfangs

158 1739 348 1778 praetores,·
377 1737 436 1768 der
460 1737 562 1770 Name
585 1737 734 1770 consules
756 1738 830 1770 kam

163 1786 235 1813 erst
248 1782 311 1813 seit
328 1782 386 1813 der
400 1782 608 1823 Abdankung
620 1783 680 1814 der
695 1783 831 1816 Decem—

164 1826 241 1858 virn
259 1827 281 1858 i.
298 1827 326 1858 J.
345 1826 409 1858 305
429 1828 519 1867 (449)
538 1829 571 1860 in
591 1827 777 1860 Gebrauch.

211 1865 251 1904 7·
273 1874 299 1904 1.
320 1883 355 1904 se
369 1897 377 1904 .
393 1897 399 1904 .
414 1873 590 1905 eoetollere:
606 1873 833 1914 Bezeichnung

163 1916 223 1949 des
241 1917 402 1949 erhiihten
421 1918 674 1959 Selbstgcfiihls.

209 1963 243 1994 in
259 1965 415 2006 prorupta
427 1975 437 1994 .·
454 1963 498 1995 im
514 1964 751 2005 Vordergrund
765 1964 832 1996 und

164 2017 225 2039 zur
244 2007 349 2048 Hand,
374 2019 410 2040 so
430 2008 506 2040 dass
525 2009 617 2041 scine
635 2009 831 2049 Thiitigkeit

163 2053 317 2085 sichtbar
348 2053 463 2086 wurde
496 2055 560 2085 und
594 2065 655 2086 zur
684 2054 831 2095 Geltung

164 2097 249 2130 kam.

210 2144 240 2175 3.
267 2145 466 2175 incesserat:
485 2144 544 2176 das
569 2144 689 2186 Object
711 2154 832 2185 ausge-

163 2188 286 2229 lassen,
304 2188 371 2220 wie
388 2190 438 2230 10,
453 2189 472 2220 6
483 2190 718 2230 beiinvasit‚u.
735 2189 832 2222 o'fter.

208 2235 241 2265 4.
257 2233 414 2266 simulac
424 2246 435 2265 .-
452 2245 515 2266 nur
529 2235 603 2267 hier
618 2235 671 2267 bei
685 2235 831 2274 Sallust3

166 2283 262 2310 sonst
279 2280 338 2310 ubi
349 2281 510 2322 primum.

209 2325 244 2354 iu
262 2326 386 2356 castris
403 2329 466 2356 etc.
491 2325 541 2357 ius
565 2325 727 2357 Einzelne
753 2336 832 2357 aus-

165 2367 320 2409 gefiihrte
339 2369 547 2410 Gegensiitze
564 2381 668 2412 gegen
686 2370 740 2402 die
758 2371 832 2413 spii-

164 2418 238 2446 tere
258 2413 399 2456 Unsitte‚
418 2416 501 2447 nach
519 2415 583 2448 Ort
607 2417 714 2454 (nicht
729 2415 831 2454 domi)

165 2458 354 2491 Lebensart
372 2460 475 2499 (nicht
489 2471 549 2503 per
565 2461 742 2501 desidiam)
767 2461 832 2492 und

165 2503 362 2545 Werkzeug
379 2505 483 2545 (nicht
500 2506 644 2545 litteris).
673 2506 739 2547 vgl
764 2505 831 2547 lug.

165 2549 219 2589 85,
237 2549 317 2583 loff.
338 2549 519 2582 besondcrs
537 2562 618 2592 quae
634 2551 686 2584 illi
700 2551 832 2592 litteris,

164 2605 204 2626 ea
220 2604 280 2636 ego
296 2595 470 2627 militando
487 2595 594 2629 dc'dici.

948 1558 978 1588 5.
1006 1557 1139 1588 omnia:
1166 1555 1287 1588 Miihen
1305 1556 1371 1587 und
1390 1554 1569 1598 Gel'ahren,

903 1602 969 1634 wie
1016 1601 1068 1633 die
1115 1606 1385 1641 vorgenannten3
1432 1601 1572 1634 domare

902 1647 1006 1680 heil'st
1023 1647 1225 1688 iiberhaupt:
1255 1647 1328 1678 dem
1347 1645 1567 1690 Widerspen-

903 1693 1015 1733 stigen
1033 1692 1126 1723 scine
1145 1691 1255 1723 Macbt
1272 1692 1417 1724 nehmeu.

949 1739 979 1771 6.
1004 1749 1038 1769 se
1055 1738 1191 1778 quisque
1205 1761 1212 1768 .
1226 1761 1233 1769 .
1251 1762 1257 1768 .
1272 1737 1492 1779 properabat:
1508 1738 1569 1769 der

902 1783 980 1815 Acc.
1006 1794 1033 1814 c.
1053 1781 1111 1814 lnf.
1136 1792 1196 1813 zur
1221 1782 1484 1823 Hervorhebung
1510 1782 1568 1815 des

906 1828 1080 1870 Subjec1s3
1110 1832 1205 1858 sonst
1230 1827 1283 1859 bei
1302 1837 1484 1870 properare
1509 1838 1569 1859 un-

905 1872 1125 1914 gewo'hulich.
1153 1872 1227 1913 Vgl.
1253 1872 1311 1904 das
1335 1883 1376 1904 zu
1397 1874 1423 1913 1,
1446 1875 1460 1906 1
1488 1873 1570 1906 iiber

904 1918 1038 1951 studere
1056 1916 1212 1957 Gesagte.

944 1965 1122 2007 pecuniae:
1140 1973 1180 1994 zu
1198 1965 1228 1995 5.
1248 1964 1269 1994 4
1285 1964 1349 1994 sui.

948 2011 1116 2051 ing-entem
1125 2009 1315 2040 -lzonestas
1322 2020 1334 2039 .·
1351 2008 1444 2040 nicht
1461 2007 1571 2041 Attri-

904 2054 994 2095 bute,
1026 2053 1172 2085 sondern
1204 2053 1412 2086 praedicate.
1452 2053 1498 2085 Es
1524 2053 1570 2086 ist

905 2099 1062 2132 derselbc
1079 2097 1269 2139 Gegensatz
1292 2099 1326 2130 in
1350 2099 1411 2130 den
1429 2098 1570 2139 Sachen,

906 2145 971 2176 wie
994 2145 1118 2176 vorher
1142 2143 1247 2184 (avidi
1268 2144 1332 2175 und
1351 2143 1512 2182 liberales)
1536 2144 1570 2176 iu

906 2190 967 2222 den
988 2190 1178 2229 Persouen3
1203 2189 1305 2220 daher
1320 2188 1454 2221 divitias
1469 2190 1570 2221 liono-

905 2239 977 2267 stas
1001 2245 1086 2276 ganz
1108 2234 1230 2266 anders
1250 2234 1301 2266 als
1323 2234 1372 2274 12,
1394 2236 1408 2267 1
1427 2233 1491 2266 div.
1508 2235 1570 2266 lw-

904 2282 982 2312 norz'
1012 2291 1084 2311 esse
1115 2289 1265 2322 coepere;
1304 2288 1339 2311 es
1373 2279 1570 2312 bezeichnen*

906 2326 991 2367 „den
1009 2325 1205 2357 Reichthum
1223 2335 1286 2355 nur
1303 2324 1337 2355 in
1361 2325 1433 2357 dem
1451 2324 1569 2366 Marso,

905 2370 955 2403 als
981 2380 1020 2402 er
1045 2372 1129 2401 ohne
1154 2370 1212 2402 das
1235 2370 1409 2402 honestum
1435 2381 1476 2402 zu
1493 2379 1569 2403 ver-

906 2416 1017 2448 letzen
1042 2415 1221 2447 erworben
1250 2414 1386 2447 werden
1411 2415 1568 2448 konnte“.

949 2500 990 2537 8.
1018 2505 1045 2536 1.
1072 2516 1138 2537 ατε
1163 2506 1228 2537 wie
1258 2506 1309 2545 10,
1333 2507 1352 2538 5
1378 2505 1432 2538 bei
1456 2508 1568 2538 aestu-

904 2561 1017 2590 mare‚·
1034 2551 1093 2583 der
1107 2550 1270 2583 Mul'sstab
1285 2551 1372 2583 wird
1390 2561 1459 2583 aus
1473 2551 1569 2583 einer

905 2596 1010 2628 Sacbe
1027 2600 1245 2628 entuommeu.
