1720 2875
509 116 670 150 ORATIO
695 117 739 149 M.
765 115 917 148 AEMILI
941 115 1091 148 LEPIDI.

1421 116 1502 155 229

93 219 221 271 specie
243 219 473 258 concordiae
495 224 532 257 et
553 218 670 269 pacis,
693 230 792 269 quae
813 218 951 256 sceleri
973 223 1009 256 et
1025 217 1232 268 parricidio
1247 230 1318 256 suo
1338 216 1498 256 nomina

90 275 249 314 indidit:
273 287 402 325 neque
424 275 534 312 aliter
552 286 636 312 rem
653 274 848 324 publicam
866 279 903 312 et
919 273 1010 311 belli
1027 273 1143 311 tinem
1163 273 1226 319 ait,
1250 273 1327 311 nisi
1344 277 1501 312 maneat

92 332 253 382 expulsa
273 331 373 380 agris
388 330 531 380 plebes,
549 330 689 380 praeda
708 329 828 367 civilis
846 329 1124 375 acerbissuma,
1158 329 1216 367 ius
1234 329 1500 379 iudiciumque

93 387 269 426 omnium
291 399 425 425 rerum
449 398 569 437 penes
590 398 644 430 se,
669 386 773 436 quod
795 385 927 436 populi
949 385 1115 423 Romani
1137 384 1222 423 fuit.
1255 386 1362 431 Quae
1385 384 1416 423 si
1433 397 1501 422 vo·
1541 394 1582 426 25

92 443 152 481 bis
174 455 247 493 pax
269 448 308 481 et
330 442 545 492 composita
566 441 860 491 intelleguntur,
883 453 1064 479 maxuma
1088 441 1334 480 turbamenta
1356 441 1412 479 rei
1430 452 1504 491 pu-

91 499 212 537 blicae
241 505 358 549 atque
390 497 504 536 exitia
533 497 717 548 probate,
745 497 904 536 adnuite
935 496 1083 547 legibus
1115 497 1312 547 inpositis,
1341 496 1502 547 accipite

91 555 219 593 otium
241 566 329 592 cum
351 553 506 592 servitio
529 559 567 591 et
589 553 727 591 tradite
749 553 973 603 exemplum
1001 553 1168 603 posteris
1199 552 1246 591 ad
1268 565 1351 590 rem
1375 552 1503 603 publi-

94 623 179 649 cam
200 610 341 648 suimet
364 609 567 659 sanguinis
589 609 769 647 mercede
792 609 1190 647 circumveniundam.

94 678 209 716 quam
230 677 298 715 per
320 666 393 703 hoc
414 677 615 703 summum
636 665 846 715 imperium
867 665 959 703 satis
991 665 1214 715 quaesitum
1243 669 1325 702 erat
1353 663 1505 702 nomini

94 722 302 765 maiorum,
325 721 503 771 dignitati
525 725 641 771 atque
666 721 782 759 etiam
803 721 1009 771 praesidio,
1031 725 1167 759 tamen
1184 732 1266 759 non
1283 720 1357 758 fuit
1374 720 1504 759 consi-

93 778 189 816 lium
211 777 380 828 privatas
403 789 496 827 opes
517 777 658 823 facere,
679 777 887 827 potiorque
907 777 988 815 visa
1015 783 1075 815 est
1103 776 1319 827 periculosa
1346 776 1504 814 libertas

94 833 227 884 quieto
249 832 419 871 servitio.
451 832 558 878 Quae
575 833 606 870 si
624 832 970 883 probatis,adeste,
990 832 1173 879 Quirites,
1194 838 1231 870 et
1247 832 1347 871 bene
1365 832 1502 871 iuvan-
1543 836 1585 869 27

92 889 197 927 tibus
221 889 278 927 dis
301 888 351 926 M.
373 888 582 926 Aemilium
604 889 806 927 consulem
837 889 976 927 ducem
1005 895 1043 927 et
1065 894 1267 926 auctorem
1290 887 1502 939 sequimini

96 945 144 983 ad
165 945 435 995 recipiundam
456 944 691 983 libertatem.

141 1036 246 1077 speeie
274 1038 337 1065 etc.
371 1033 559 1074 gegeniiber
588 1034 660 1065 dem
689 1035 767 1074 quia

96 1079 260 1111 secundae
283 1089 336 1110 res
359 1084 423 1110 etc.
455 1078 503 1110 Zn
531 1078 702 1120 suppliren
721 1079 768 1110 ist

96 1124 224 1155 wieder
253 1126 343 1155 tanto
374 1133 465 1164 agm.
496 1127 560 1164 atq.
593 1133 648 1154 an.
679 1125 768 1155 inee-

96 1168 154 1200 dit.

142 1224 264 1255 neque.-
288 1212 444 1244 schliel‘st
460 1213 521 1244 den
539 1212 768 1253 explicativen

97 1259 162 1290 und
181 1258 437 1299 begriindenden
453 1258 532 1289 Satz
551 1268 591 1289 an
609 1258 667 1288 das
681 1257 769 1289 Yor-

95 1303 304 1344 hergehende
328 1313 369 1333 an
392 1318 406 1328 =
428 1305 532 1344 negat
554 1304 647 1334 enim
670 1301 770 1333 aliter

96 1359 168 1379 esse
198 1352 261 1379 etc.
307 1347 386 1387 vgl.
411 1357 453 1378 zu
471 1346 542 1379 Cat.
563 1348 614 1386 19,
633 1347 669 1385 23
701 1345 768 1386 lug.

100 1393 174 1432 112,
192 1394 223 1424 3.
254 1391 386 1433 Wegeu
402 1401 475 1423 rem
488 1392 654 1434 publicam
672 1392 768 1431 (esse)

97 1437 166 1478 vgl.
196 1437 249 1468 die
275 1447 316 1468 zu
338 1436 405 1476 lug.
432 1437 546 1477 24,10
571 1435 770 1477 angefiihrte

98 1482 206 1514 St'elle
224 1483 282 1513 des
300 1481 428 1513 Cicero.

144 1526 288 1569 eoepalsa
315 1527 428 1567 agris:
457 1527 576 1566 gehfirt
604 1536 645 1556 zu
662 1525 772 1568 plebes

99 1572 151 1604 als
190 1571 427 1603 wesentlicber
464 1571 531 1602 und
566 1571 638 1602 dem
670 1569 771 1602 Sinne

100 1617 185 1648 nach
199 1615 607 1648 substantivischerTheil
622 1615 678 1646 des
688 1614 772 1646 Sub—

93 1659 199 1701 ]ects,
217 1661 310 1692 nicht
327 1661 377 1692 als
392 1661 488 1692 Theil
506 1661 562 1692 des
576 1659 771 1691 Praedicats

99 1716 173 1737 zum
190 1705 335 1737 Verbum
354 1708 500 1745 maneat,
519 1705 666 1737 welches
683 1704 773 1736 viel-

100 1751 194 1783 mehr
221 1750 307 1782 heim
331 1755 445 1782 ersten
468 1749 606 1790 Subject
630 1749 711 1781 eben
736 1759 771 1781 so

101 1796 185 1827 ohne
202 1795 328 1827 Zusatz
351 1796 451 1834 steht,
475 1794 540 1826 wie
559 1795 612 1826 bei
630 1795 693 1826 den
709 1793 773 1825 fol-

101 1840 241 1881 genden.

147 1885 202 1916 25.
227 1885 331 1916 vobis.
345 1884 620 1927 ‚intelleguntum
637 1884 772 1915 constr.

102 1930 168 1961 wie
186 1930 241 1961 hei
259 1929 374 1961 videri.
393 1948 435 1952 —
453 1930 655 1972 composita.-
678 1928 772 1961 Nom.

103 1975 191 2016 plur.
235 1974 400 2006 substant.
445 1984 505 2005 zur
547 1974 775 2013 Bezeichnung

104 2019 198 2051 eines
206 2019 408 2058 geordneten
420 2019 559 2058 ruhigen
568 2018 757 2050 Zustaudes
767 2030 775 2059 3

102 2063 174 2095 dem
212 2063 403 2104 gegeuiiber
433 2064 519 2095 daun
551 2063 774 2094 turbamenta.

104 2109 150 2140 Es
169 2109 215 2140 ist
227 2108 404 2140 handschr.
421 2107 559 2148 Lesart3
578 2107 630 2139 die
643 2108 775 2150 andere,

841 1032 1027 1073 concordia,
1042 1032 1323 1064 wahrscheinlich
1333 1032 1407 1063 eine
1418 1032 1514 1070 (alte)

842 1078 1035 1118 conentur,
1053 1077 1118 1116 die,
1135 1077 1208 1108 dem
1226 1077 1325 1108 Siune
1344 1077 1428 1108 nach
1446 1086 1514 1108 we-

842 1123 897 1163 nig
925 1123 1033 1154 davon
1062 1122 1296 1162 verschiedeu,
1326 1122 1431 1153 durch
1460 1121 1512 1152 die

841 1168 1030 1206 Beziehung
1055 1166 1114 1199 auf
1131 1166 1151 1207 ξ
1170 1167 1212 1198 24
1237 1167 1303 1197 und
1327 1167 1431 1198 durch
1454 1166 1511 1198 Or.

843 1212 926 1243 Phil.
948 1213 987 1244 10
1006 1223 1036 1243 u.
1061 1214 1097 1244 13
1117 1212 1326 1242 unterstiitzt
1344 1221 1426 1242 war.

888 1256 935 1288 ad
949 1267 1019 1288 rem
1034 1256 1204 1298 publicam
1224 1261 1286 1287 etc.
1303 1267 1344 1287 zu
1358 1255 1515 1287 erkliiren

843 1302 947 1333 durch
970 1311 1030 1343 quo
1054 1300 1206 1343 exemplo
1228 1300 1360 1332 discant
1382 1302 1518 1343 posteri,

843 1346 927 1388 qaid
947 1349 993 1377 sit
1008 1346 1232 1388 faciundum,
1258 1348 1295 1376 at
1317 1345 1517 1387 respublica

843 1393 962 1423 suimet
989 1392 1172 1433 sang-uinis
1195 1389 1349 1422 mercede
1372 1392 1517 1421 circum-

844 1438 1008 1468 veniatur.
1026 1454 1069 1458 —
1086 1435 1194 1468 Unter
1210 1437 1333 1466 suimet
1349 1445 1446 1476 sang.
1460 1435 1519 1466 hat

843 1491 918 1512 man
937 1481 1108 1512 entweder
1125 1490 1265 1512 suorum
1282 1481 1401 1511 civium
1421 1490 1519 1521 sang.

845 1537 887 1557 zu
911 1526 1091 1558 verstehen
1116 1525 1197 1556 oder
1214 1535 1250 1556 es
1268 1525 1359 1556 steht
1375 1526 1520 1566 sang-ais

844 1571 998 1612 tropisch
1031 1569 1085 1602 fiir
1118 1568 1367 1611 „Lebenskrast
1381 1593 1389 1607 ,
1423 1569 1519 1601 beste

843 1613 955 1654 Rrast,
975 1614 1108 1654 Mark“,
1132 1615 1198 1646 wie
1222 1625 1252 1645 u.
1271 1625 1299 1646 a.
1326 1614 1381 1645 bei
1399 1613 1468 1645 Cic.
1487 1624 1517 1655 p.

845 1659 933 1691 Sest.
963 1660 1018 1700 36,
1038 1659 1077 1691 78
1106 1669 1160 1690 eos
1189 1658 1434 1700 (gladiatores),
1465 1660 1524 1699 qui

845 1705 888 1736 ab
912 1705 966 1736 illo
981 1705 1150 1747 pestifero
1167 1714 1206 1735 ac
1222 1703 1351 1747 perdito
1367 1705 1433 1735 civi
1447 1704 1516 1734 iam

841 1749 979 1792 pridem
1002 1751 1056 1782 rei
1073 1748 1223 1792 publicae
1241 1749 1519 1791 sangainesagi-

844 1797 979 1826 uantur.
1021 1794 1090 1825 Der
1113 1793 1261 1826 GenetIV
1284 1794 1374 1825 steht
1397 1803 1519 1834 exege-

845 1840 933 1871 tisch
961 1839 1015 1870 bei
1041 1838 1204 1879 mercede,
1232 1838 1299 1869 und
1321 1838 1375 1869 hei
1393 1837 1521 1870 diesem

847 1884 951 1916 Wort
974 1884 1033 1915 hat
1049 1894 1125 1915 man
1142 1883 1223 1915 data
1239 1885 1287 1914 eis
1303 1884 1361 1925 qui
1375 1884 1522 1915 circum—

846 1930 982 1961 veniant
997 1929 1098 1965 hinzu
1116 1939 1155 1959 zu
1174 1928 1312 1960 denken.

895 1974 947 2006 26.
967 1975 1096 2005 nomini
1117 1974 1199 2004 mai.
1224 1977 1288 2004 etc.
1318 1972 1436 2004 Dieser
1454 1972 1520 2003 und

849 2019 900 2050 die
927 2018 1009 2059 folg.
1026 2018 1148 2049 Dative
1177 2027 1243 2049 von
1271 2018 1344 2048 dem
1373 2017 1408 2048 in
1437 2017 1521 2047 satis

849 2073 1006 2104 quaerere
1032 2062 1206 2102 liegendeu
1232 2071 1393 2103 quaerere
1417 2071 1523 2103 qaan-

849 2111 921 2140 tmn
937 2109 1023 2139 satis
1039 2110 1088 2139 est
1104 2107 1280 2147 abhiingig.

1250 608 1341 646 Mihi
1363 620 1503 659 quam-
1543 616 1584 648 26
