1720 2875
151 1007 185 1041 11
215 997 317 1036 forte
340 1010 458 1048 quem
482 1010 550 1035 vos
574 997 801 1035 iussissetis.

222 107 301 149 108

710 106 747 138 C.
772 104 982 138 SALLUSTl
1008 105 1141 138 CRlSPl

218 209 390 255 runmis,
413 209 529 259 inops
550 208 697 247 alienas
718 220 812 259 opes
833 212 1037 259 exspecto,
1067 213 1202 247 tamen
1224 213 1308 247 erat
1328 209 1541 249 maiestatis
1560 222 1634 262 po-

217 266 298 318 puli
320 264 486 304 Romani
508 264 716 315 prohibere
738 264 919 304 iniuriam
944 276 1073 315 neque
1096 264 1174 315 pati
1204 264 1436 316 cuiusquam
1466 278 1632 317 regnum

171 330 189 362 8
216 333 285 373 per
305 321 432 360 scelus
455 332 643 360 crescere.
694 321 836 360 Verum
870 333 939 372 ego
968 321 1022 360 eis
1052 320 1196 359 linibus
1217 321 1364 360 eiectus
1386 333 1496 368 sum,
1532 335 1634 374 quos

215 377 430 416 maioribus
451 377 551 416 meis
583 378 750 429 populus
782 377 983 416 Romanus
1019 377 1144 422 dedit,
1176 377 1281 416 unde
1316 383 1428 429 pater
1464 383 1503 417 et
1538 391 1633 418 avus

215 445 327 473 meus
351 445 428 472 una
451 433 651 472 vobiscum
675 434 859 485 expulere
877 433 1095 484 Syphacem
1118 438 1156 472 et
1174 433 1523 485 Carthaginiensis.
1553 435 1634 474 Vo-

215 495 295 529 stra
316 489 508 529 beneficia
530 490 627 529 mihi
650 496 784 541 erepta
801 495 906 534 sunt,
930 496 1060 540 patres
1079 490 1301 541 conscripti,
1323 502 1390 528 vos
1406 490 1448 529 in
1466 502 1554 529 mea
1568 490 1634 530 in-

169 551 188 583 9
214 546 311 585 iuria
334 546 510 597 despecti
531 546 636 585 estis.
669 545 781 584 Eheu
804 558 868 584 me
891 544 1100 585 miserum!
1133 546 1304 591 Hucine,
1328 545 1486 598 Micipsa
1507 553 1632 598 pater,

215 602 402 642 beneficia
424 608 489 641 tua
512 615 682 647 evasere,
706 608 761 649 ut,
784 614 902 653 quem
927 608 967 640 tu
984 614 1118 654 parem
1142 615 1230 641 cum
1249 602 1382 642 liberis
1404 602 1481 641 tuis
1501 602 1636 653 regni-

215 671 291 710 que
314 658 545 710 participem
567 658 704 703 secisti,
727 658 760 697 is
782 658 1048 709 potissumum
1068 659 1200 710 stirpis
1217 665 1305 698 tuae
1323 659 1538 698 exstinctor
1553 657 1635 698 sit?

215 715 440 766 Numquam
460 726 552 764 ergo
573 715 717 753 familia
734 721 870 754 nostra
887 714 1017 766 quieta
1035 712 1137 753 erit?
1158 727 1366 766 semperne
1389 716 1427 754 in
1446 715 1637 766 sanguine

151 776 190 807 10
215 771 321 810 ferro
345 771 433 822 fuga
456 769 707 810 versabitur?
767 771 867 810 Dum
891 771 1230 821 Carthaginienses
1260 771 1480 810 incolumes
1510 772 1634 814 fuere,

214 828 300 867 iure
321 828 454 866 omnia
475 840 586 867 saeva
607 827 870 878 patiebamur:
894 827 1026 866 hostes
1042 827 1089 866 ab
1112 828 1244 869 latere.
1266 840 1335 866 vos
1357 827 1472 867 amici
1488 828 1636 879 procul,

215 897 306 936 spes
329 884 458 923 omnis
480 884 520 922 in
537 884 656 924 armis
678 890 772 923 erat.
823 884 1033 935 Postquam
1056 884 1119 923 illa
1152 884 1273 935 pestis
1295 897 1342 923 ex
1365 884 1492 923 Africa
1513 884 1636 924 eiecta

216 946 290 992 est,
312 941 401 979 laeti
424 953 560 992 pacem
582 941 835 991 agitabamus,
859 941 1003 992 quippe
1026 940 1114 991 quis
1137 941 1261 979 hostis
1284 940 1416 979 nullus
1438 945 1532 985 erat,
1556 941 1633 979 nisi

854 997 952 1035 Ecce
981 1003 1111 1035 autem
1142 1009 1189 1035 ex
1213 997 1413 1047 inproviso
1436 996 1634 1047 Iugurtha,

215 1053 459 1092 intoleranda
483 1053 639 1092 audacia
661 1053 807 1092 scelere
830 1059 946 1104 atque
967 1052 1150 1103 superbia
1174 1065 1262 1091 sese
1284 1052 1483 1099 ecferms,
1513 1053 1635 1092 fratre

218 1122 307 1148 meo
336 1115 453 1160 atque
483 1109 621 1148 eodem
654 1110 875 1160 propinquo
912 1122 983 1147 suo
1019 1109 1227 1147 interfecto
1267 1109 1440 1160 primum
1471 1120 1636 1159 regnum

220 1166 302 1204 eius
325 1166 482 1205 sceleris
503 1166 564 1204 sui
586 1166 771 1216 praedam
794 1165 903 1211 fecit3
926 1171 1027 1216 post,
1052 1165 1118 1204 ubi
1140 1177 1203 1204 me
1230 1165 1354 1204 isdem
1379 1165 1476 1204 dolis
1498 1165 1636 1217 nequit

219 1234 370 1273 capere,
393 1221 488 1260 nihil
510 1222 642 1260 minus
664 1234 780 1273 quam
805 1222 882 1260 vim
911 1228 979 1260 aut
1007 1221 1150 1260 bellum
1183 1227 1475 1273 exspectantem
1499 1221 1539 1260 in
1558 1221 1636 1260 im-

218 1278 325 1329 perio
347 1284 500 1323 vostro,
536 1278 651 1317 sicuti
686 1278 824 1317 videtis
868 1285 1060 1317 extorrem
1091 1278 1214 1329 patria
1234 1278 1372 1324 domo,
1409 1279 1568 1329 inopem
1598 1284 1638 1317 et

220 1368 408 1401 schaffeneu
427 1369 654 1410 Besitzstand,
680 1379 730 1400 wo
749 1368 808 1400 das
826 1368 892 1402 Uu-

221 1414 317 1446 recht
335 1413 385 1445 sie
403 1414 511 1446 selbst
527 1414 625 1446 trifft.

265 1461 360 1491 erat:
377 1459 487 1492 Ueber
505 1459 564 1491 das
582 1458 712 1501 imperf.
732 1458 831 1491 lodic.
851 1469 892 1490 zu

220 1505 274 1544 85,
294 1504 348 1536 45.

266 1550 296 1581 S.
320 1560 397 1581 mea
413 1551 564 1582 iniuria:
581 1560 622 1581 zu
640 1548 710 1581 Cat.
732 1551 784 1590 51,
809 1550 857 1582 11.

264 1595 296 1626 9.
329 1595 448 1627 hucine
478 1618 486 1626 .
517 1619 524 1626 .
553 1605 703 1627 evasere:
727 1609 748 1621 =
765 1596 895 1637 huncne

218 1641 347 1673 avitum
363 1640 516 1672 habuere.

260 1696 382 1729 pol-em
421 1696 496 1717 eam
539 1685 671 1717 liberis.-
716 1686 893 1717 Seltenere

222 1730 462 1763 construction
499 1735 584 1762 statt
616 1740 735 1773 parem
765 1731 891 1769 liberis,

219 1776 346 1808 welche
371 1776 474 1807 neben
494 1776 555 1807 der
585 1773 779 1807 Gleichheit
808 1776 893 1807 auch

219 1820 272 1852 die
287 1819 481 1852 Gemeins
494 1820 651 1852 amkeit
667 1820 893 1853 derStaudes-

219 1866 367 1906 vorziige
385 1866 563 1904 andeutet;
582 1866 652 1906 vgl.
670 1866 701 1904 9,
721 1866 752 1897 3.

265 1920 468 1952 numquam:
516 1911 602 1942 And.
645 1909 766 1942 Lesart
806 1921 891 1942 mm-

218 1966 373 1998 quamne.

268 2001 320 2033 10.
346 2003 439 2033 iure:
464 2001 551 2038 hier,
568 2000 633 2032 wie
653 2006 748 2033 sonst
765 2001 892 2032 zuwei-

221 2046 276 2078 len
293 2046 355 2087 „in
374 2046 584 2078 natiirlicher
602 2046 792 2087 (riehtiger)
813 2046 892 2078 Fol-

220 2101 272 2132 ge,
291 2102 328 2123 so
347 2092 424 2123 dass
442 2101 515 2123 man
533 2091 607 2123 sich
625 2091 770 2123 dai-iiber
799 2091 894 2122 nicht

222 2137 383 2178 beklagen
408 2136 490 2168 oder
508 2136 667 2169 wundern
687 2136 815 2175 kann“;
834 2135 892 2168 Or.

220 2181 305 2214 Phil.
323 2183 362 2215 4:
380 2182 450 2214 Cic.
469 2182 569 2214 Tusc.
603 2182 635 2222 3,
664 2183 715 2221 15,
745 2181 783 2215 31
817 2183 892 2214 iure

219 2229 334 2259 autem
362 2227 431 2266 (in
460 2226 632 2268 Socrate)
660 2229 733 2259 erat
759 2237 894 2270 semper

221 2271 311 2303 idem
329 2272 443 2314 voltus,
468 2283 545 2304 cnm
560 2273 694 2312 mentis,
722 2283 743 2303 a
771 2282 838 2313 qua
864 2274 894 2303 is

218 2317 390 2359 fingetur,
422 2317 515 2349 nulla
539 2318 643 2359 fieret
667 2319 823 2349 mutatio.
850 2335 895 2340 —

223 2362 282 2394 Die
323 2362 472 2396 Ursache
520 2362 606 2404 liegt
654 2363 696 2394 im
745 2361 771 2394 F
775 2362 894 2402 olgea-

223 2406 296 2438 den.

267 2454 359 2494 quis:
380 2453 448 2493 vgl.
466 2464 508 2485 zu
530 2453 581 2494 13,
594 2453 624 2485 6.

268 2508 385 2539 quem.-
415 2513 436 2524 =
463 2500 510 2538 is,
537 2509 645 2540 quem.
683 2498 746 2530 Die
774 2497 894 2538 iibrige

223 2542 427 2584 Erg'auzung
444 2544 502 2575 des
510 2544 629 2575 Satzes
647 2543 694 2575 ist
710 2544 783 2575 dem
791 2542 893 2575 Sinue

966 1370 1185 1410 nach„quem
1213 1378 1278 1411 pro
1302 1370 1396 1400 hoste
1424 1378 1485 1400 uos
1513 1369 1638 1401 habere

967 1424 1021 1446 vos
1058 1415 1279 1446 iussissetis“.
1344 1413 1410 1446 Der
1449 1413 1542 1455 Conj.
1586 1414 1633 1446 ist

967 1459 1057 1490 nicht
1075 1459 1331 1500 sprachwidrig,
1353 1459 1434 1490 weil
1459 1460 1528 1490 nisi
1538 1459 1640 1501 sorte

965 1504 1038 1536 hier
1055 1504 1146 1536 nicht
1169 1504 1224 1535 die
1241 1508 1447 1545 sogenanute
1465 1504 1637 1536 ironische

969 1549 1160 1590 Bedeutung
1177 1549 1235 1581 hat
1252 1551 1330 1587 (wie
1350 1560 1380 1581 u.
1399 1559 1429 1581 a.
1448 1549 1478 1591 3,
1496 1550 1542 1589 4),
1558 1559 1638 1581 son-

967 1595 1048 1626 dern
1068 1605 1131 1626 nur
1147 1594 1398 1635 durch„aufser
1409 1595 1518 1626 etwa“
1536 1594 1638 1626 iiber-

966 1644 1056 1672 setzt
1073 1640 1209 1671 werden
1226 1639 1326 1678 kann,
1357 1640 1422 1671 und
1439 1650 1478 1672 er
1502 1639 1550 1672 ist
1579 1649 1640 1680 ge·-

966 1685 1119 1724 braucht,
1137 1684 1218 1717 weil
1236 1685 1342 1716 durch
1359 1684 1417 1716 das
1436 1695 1477 1716 zu
1494 1684 1635 1727 supplir.

965 1733 996 1762 is
1020 1730 1096 1771 „ein
1127 1730 1284 1762 solcher“
1315 1730 1512 1762 bezeichnen:
1538 1730 1638 1762 wird.

965 1794 1010 1798 —
1028 1774 1216 1807 Vielleieht
1228 1775 1352 1816 jedoch
1369 1775 1427 1807 hat
1450 1774 1546 1816 Sall„
1575 1775 1636 1806 mit

966 1818 1285 1860 vorausgreifender
1301 1819 1489 1861 Beziehung
1505 1818 1565 1852 auf
1578 1820 1639 1852 das

967 1864 1122 1905 folgende
1149 1876 1194 1896 ex
1226 1866 1404 1907 inproviso,
1432 1866 1534 1897 sehon
1564 1865 1641 1897 hier

967 1912 1133 1942 audentea
1156 1910 1281 1942 wollen
1312 1910 1402 1951 „wir
1430 1914 1638 1942 erwarteten

964 1967 1030 1988 von
1059 1955 1177 1987 keiner
1206 1955 1298 1987 Seite
1317 1955 1393 1987 eine
1411 1956 1559 1996 Stiirung
1575 1966 1636 1987 un-

965 2011 1060 2033 seres
1079 2000 1255 2041 ffiiedens,
1279 1999 1395 2032 ausser
1411 2005 1512 2042 euve,
1540 2010 1638 2033 wenn

965 2046 1018 2078 ihr
1032 2056 1092 2077 uns
1107 2045 1239 2078 heil'seu
1257 2045 1320 2086 (od.
1331 2044 1502 2087 geheissen
1518 2045 1637 2084 haben)

966 2091 1100 2124 wiirdet
1131 2090 1238 2132 lirieg
1271 2101 1312 2122 zu
1344 2090 1506 2128 stibren“;
1549 2090 1636 2122 daun

965 2136 1090 2168 kiinnte
1117 2147 1190 2168 man
1219 2146 1318 2178 quem
1344 2137 1429 2168 auch
1457 2135 1510 2167 als
1538 2134 1658 2167 Frons

967 2182 1058 2214 infin.
1076 2182 1253 2214 auflussen.
1273 2199 1315 2204 -
1333 2180 1365 2212 ln
1384 2180 1503 2213 beiden
1517 2179 1640 2213 Fauen

967 2227 1054 2268 liegt
1070 2228 1130 2259 der
1147 2225 1347 2260 Nachdruek
1364 2226 1424 2257 aut·
1438 2236 1503 2258 vos.

1017 2274 1067 2305 11.
1093 2282 1236 2314 regnum
1254 2273 1326 2302 eius
1343 2275 1407 2304 etc.
1448 2270 1492 2303 So
1509 2269 1640 2302 konnte

968 2317 1051 2349 Sall.
1071 2316 1258 2356 schreiben,
1282 2317 1367 2349 auch
1399 2326 1495 2348 wenn
1531 2315 1599 2355 (12,
1620 2317 1634 2349 1

966 2362 1040 2401 u.2)
1060 2362 1135 2394 eine
1152 2361 1563 2403 definitivevertheilung
1579 2361 1641 2392 des

966 2406 1096 2439 Laudes
1116 2408 1198 2438 noch
1216 2406 1310 2439 nicht
1327 2406 1453 2448 erfolgt
1469 2416 1552 2438 war.

1011 2454 1184 2484 extorrem
1214 2476 1221 2483 .
1253 2477 1260 2485 .
1290 2477 1298 2483 .
1325 2453 1493 2484 misem‘is:
1536 2451 1641 2484 Diese

967 2496 1090 2529 Worte
1109 2496 1219 2528 bilden
1237 2498 1299 2529 mit
1314 2498 1432 2539 effecit
1461 2497 1519 2528 das
1547 2495 1637 2528 voll-

967 2542 1124 2583 standige
1141 2541 1331 2582 Praedicat‚
1360 2552 1458 2574 wozu
1485 2541 1572 2574 daim
1601 2543 1641 2572 ut
