1720 2875
177 108 259 149 236

502 107 566 140 EX
591 107 626 140 C.
652 106 862 141 SALLUSTI
886 107 1022 140 CRISPI
1047 106 1154 140 HIST.
1181 107 1219 141 L.
1244 108 1266 141 Ι.

116 217 156 251 18
182 211 306 262 magis
328 221 445 261 quam
468 222 594 261 aequo
612 215 652 249 et
667 209 773 248 hono
789 215 1069 249 sustentatum.
1101 209 1199 249 Nam
1215 210 1283 262 qui
1297 210 1435 250 turbas
1451 216 1490 249 et
1506 222 1596 250 cae-

179 268 269 306 dem
291 266 436 306 civium
465 266 594 304 odisse
624 266 678 304 ait
705 271 744 304 et
771 266 820 304 ob
842 266 881 304 id
903 272 1053 306 armato
1075 266 1220 318 Lepido
1241 278 1311 305 vos
1333 266 1508 306 inermos
1529 279 1595 305 re-

181 324 288 368 tinet,
306 335 405 374 quae
421 321 531 360 victis
548 322 751 360 toleranda
766 327 871 368 sunt,
888 334 946 368 ea,
973 335 1064 362 cum
1079 322 1209 361 facere
1225 322 1398 373 possitis,
1415 322 1596 374 patiami-

181 380 219 418 ni
242 379 374 429 potius
396 383 551 417 censet:
574 378 627 416 ita
648 377 702 416 illi
724 390 745 417 a
766 378 876 416 vobis
892 390 1040 429 pacem,
1062 378 1174 417 vobis
1191 378 1318 418 abillo
1335 379 1481 418 bellum
1503 391 1594 418 sua-

114 438 156 473 19
183 436 259 473 det.
292 434 397 473 Haec
418 434 451 472 si
473 435 640 485 placent,
663 434 696 472 si
714 440 820 473 tanta
840 436 1005 485 torpedo
1023 435 1178 474 animos
1195 435 1403 486 oppressit,
1427 440 1470 473 ut
1485 434 1596 474 obliti
1649 477 1654 481 ,

179 491 372 529 scelerum
394 490 554 537 Cinnae,
577 490 690 529 cuius
710 490 752 529 in
775 489 912 529 urbem
935 491 1064 530 reditu
1081 491 1199 530 decus
1221 491 1372 530 ordinis
1393 491 1596 530 liuiusin-

178 547 295 591 teriit,
317 546 439 585 nihilo
462 546 592 585 minus
613 559 682 585 vos
703 552 821 597 atque
843 547 1028 597 coniuges
1047 553 1084 586 et
1104 547 1246 586 liberos
1264 547 1410 598 Lepido
1426 546 1597 598 permis-

179 603 261 642 suri
282 603 377 647 sitis,
401 602 495 653 quid
518 615 618 654 opus
637 600 834 642 decretis?
857 603 950 654 quid
967 603 1109 642 auxilio
1127 601 1284 642 Catuli?
1307 603 1411 650 Quin
1428 603 1460 642 is
1479 609 1517 641 et
1534 602 1597 641 alii

112 667 155 700 20
179 659 273 698 boni
294 671 378 697 rem
399 658 596 710 publicam
618 659 764 698 frustra
786 665 936 698 curant.
968 659 1078 710 Agite
1099 666 1142 698 ut
1164 659 1292 698 lubet:
1323 665 1458 710 parate
1488 659 1598 698 vobis

180 714 340 766 Cethegi
356 720 473 766 atque
490 715 561 754 alia
579 715 826 766 proditorum
844 716 1073 766 patrocinia,
1097 716 1162 767 qui
1192 716 1347 766 rapinas
1365 722 1402 754 et
1420 715 1599 754 incendia

180 773 402 811 instaurare
424 771 589 821 cupiunt
611 776 650 810 et
671 783 809 810 rursus
831 771 1042 810 advorsum
1073 773 1166 811 deos
1198 772 1351 823 penatis
1374 783 1514 810 manus
1535 783 1600 810 ar-

182 839 311 866 mare:
336 827 398 866 sin
419 827 580 866 libertas
599 834 638 866 et
655 839 742 866 vera
760 827 882 878 magis
899 828 1066 879 placent,
1089 829 1288 867 decernite
1307 828 1422 877 digna
1440 827 1600 866 nomine

114 890 153 922 21
184 890 222 923 et
243 889 382 934 augete
403 883 606 933 ingenium
627 884 720 922 viris
742 884 920 923 fortibus.
943 885 1065 923 Adest
1087 897 1213 923 novus
1229 884 1436 930 exercitus,
1457 883 1504 921 ad
1526 883 1601 922 hoc

184 940 359 979 coloniae
380 945 556 979 veterum
573 940 755 985 militum,
779 940 964 979 nobilitas
983 941 1124 987 omnis,
1147 941 1266 979 duces
1284 940 1454 991 optumi:
1472 940 1601 978 fortu—

185 1009 236 1036 na
251 996 437 1035 meliores
455 997 653 1047 sequitur3
671 996 745 1035 iam
765 996 839 1042 illa,
859 1008 957 1047 quae
975 996 1154 1035 socordia
1171 1003 1306 1035 nostra
1319 996 1477 1034 collecta
1495 1000 1600 1041 sunt,

185 1156 288 1187 bebat.
351 1155 463 1186 Daran
499 1153 656 1186 sehliel'st
690 1154 763 1186 sich
797 1154 856 1186 das

185 1199 356 1240 Folgende
374 1199 481 1230 leicht
498 1209 550 1230 au.

235 1244 285 1277 18.
323 1245 487 1276 inermos:
519 1242 650 1283 &Vegen
674 1244 734 1275 der
758 1242 858 1275 Form

186 1289 253 1329 vgl.
271 1300 302 1320 u.
321 1299 351 1320 a.
369 1287 437 1329 Ing.
455 1290 512 1330 66,
531 1289 561 1320 3.

236 1335 288 1367 19.
314 1335 413 1366 cuius
430 1336 464 1365 in
481 1334 599 1366 urbem
616 1338 680 1365 etc.
712 1333 755 1365 im
775 1333 858 1365 Jalu-

184 1379 252 1411 667
273 1379 371 1417 (87).
401 1379 492 1421 Epit.
518 1379 593 1410 Liv.
613 1379 655 1410 80
689 1378 797 1411 Cinna
826 1382 860 1410 et

185 1423 321 1458 Mardus
339 1425 372 1455 in
390 1425 507 1456 vrbem
531 1425 657 1466 recepti
678 1426 775 1455 sunt:
804 1426 861 1465 qui

186 1469 275 1502 veltet
289 1472 421 1512 captam.
438 1479 514 1501 eam
531 1469 686 1501 caedibus
702 1478 741 1500 ac
769 1470 861 1511 rapi—

186 1517 242 1546 m's
257 1517 474 1546 vastaverunt
495 1514 553 1546 Cn.
575 1514 710 1546 Octavio
727 1514 861 1546 consule

186 1561 290 1592 occiso
321 1562 352 1591 et
379 1560 536 1591 omnibus
567 1559 728 1591 adversae
751 1560 862 1601 partis

187 1605 355 1637 nobilibus
371 1604 559 1636 trucidatis.
595 1603 755 1636 Gettidtet
771 1614 863 1635 wur-

189 1651 250 1682 den
269 1649 384 1681 ausser
412 1650 524 1681 vielen
542 1649 698 1681 Anderen
728 1649 772 1681 M.
794 1649 862 1680 An-

188 1695 319 1734 tonius‚-
333 1695 394 1726 der
404 1695 575 1727 beriihinte
586 1694 730 1734 Redner‚
743 1694 862 1727 Gross-

188 1745 287 1772 vater
312 1740 370 1772 des
400 1739 575 1771 Triumvir
604 1739 684 1779 (vgl.
716 1750 757 1770 zu
790 1739 862 1771 Cat.

191 1785 245 1823 21,
264 1785 308 1825 3),
333 1785 371 1817 L.
390 1785 500 1816 Julius
520 1784 654 1824 Caesar,
681 1785 788 1817 Vater
805 1784 863 1816 des

192 1830 263 1861 Cat.
287 1830 337 1869 17,
359 1832 373 1862 1
406 1830 614 1870 erwiihnten‚
635 1829 788 1862 Urheber
805 1829 864 1860 der

191 1874 248 1906 leoe
266 1873 354 1907 Iulia
370 1875 425 1913 (zu
443 1874 501 1906 Or.
520 1873 598 1916 Lep.
622 1874 686 1915 12),
705 1874 770 1905 und
789 1874 863 1905 sein

193 1919 326 1951 Bruder
357 1918 391 1950 C.
426 1919 538 1951 Julius
572 1919 697 1950 Caesar
729 1919 864 1959 Strabo,

194 1964 245 1996 als
265 1964 396 1996 Redner
408 1965 475 1995 und
492 1963 630 1996 Dichter
654 1964 747 1995 nicht
763 1964 865 1995 unbe-

192 2009 348 2042 deutend.
406 2009 468 2041 Die
505 2007 611 2051 Hopfe
647 2009 757 2040 dieser
792 2008 865 2040 drei

193 2054 333 2086 Miinner
371 2054 436 2085 und
478 2053 535 2085 des
569 2054 666 2085 Cons.
701 2053 864 2086 Octavius

192 2100 332 2131 wurden
350 2098 485 2131 aufder
513 2098 756 2131 Rednerbiihne
788 2109 865 2130 aus-

192 2145 343 2186 gestelst,
369 2144 434 2175 wie
453 2153 488 2175 es
518 2144 563 2175 im
592 2144 733 2184 vorigen
761 2144 864 2176 Jahre

191 2190 255 2221 mit
287 2190 360 2221 dem
391 2189 450 2221 des
483 2188 655 2231 Sulpicius
679 2189 864 2229 gesehehen

190 2244 276 2266 war.
325 2234 359 2266 P.
393 2233 545 2265 Licinius
575 2233 728 2273 Crassus,
759 2232 864 2266 Vater

194 2279 251 2311 des
281 2279 450 2310 nachmals
483 2279 677 2310 beriihmten
701 2280 745 2311 M.
764 2278 865 2311 Cras-

195 2335 261 2363 sus,
291 2323 518 2355 durchbohrte
542 2324 615 2355 sich
633 2324 748 2366 selbst,
766 2325 866 2356 nach-

194 2369 267 2400 dein
291 2369 364 2401 sein
393 2369 522 2400 iilterer
550 2370 639 2401 Sohn
667 2369 866 2410 erschlagen

192 2414 332 2445 worden
361 2423 443 2445 war.
502 2414 725 2455 Desgleichen
754 2415 866 2446 tiidte-

193 2462 252 2489 ten
286 2458 357 2490 sich
400 2459 457 2490 der
493 2459 794 2501 Jupiterspriester
826 2458 864 2490 L.

193 2503 373 2535 Cornelius
402 2503 536 2536 Merula
572 2504 637 2535 und
666 2505 727 2536 der
755 2504 865 2536 ‘altere

193 2547 232 2588 Q.
258 2547 413 2580 Lutatius
446 2547 584 2581 Catulus
619 2549 699 2590 (vgl.
732 2560 774 2580 zu
807 2548 864 2580 Or.

112 1060 156 1092 22
186 1052 420 1092 dilabentur.
454 1053 536 1099 Qua
558 1065 602 1091 re
623 1053 676 1091 ita
698 1065 861 1091 censeo:
890 1052 1078 1103 quoniam
1110 1052 1159 1091 M.
1181 1052 1354 1103 Lepidus
1385 1051 1601 1091 exercitum

931 1152 1012 1196 Lep.
1037 1155 1087 1190 14)
1106 1164 1159 1185 um
1176 1154 1239 1186 den
1254 1154 1390 1186 Hiinden
1403 1154 1463 1185 der
1477 1153 1603 1185 Maria-

933 1209 993 1230 ner
1017 1209 1058 1230 zu
1076 1199 1250 1238 entgehen.

979 1243 1031 1275 20.
1051 1243 1190 1286 Cethegi
1207 1268 1213 1276 .
1229 1268 1236 1275 .
1251 1244 1457 1286 patrocinia:
1475 1241 1509 1274 P.
1519 1241 1603 1275 Cor·

933 1289 1043 1320 nelius
1058 1287 1224 1330 Cethegus
1243 1289 1377 1327 entfloh,
1396 1288 1458 1320 mit
1475 1287 1604 1320 Marius

933 1333 1090 1374 getichtet
1109 1335 1162 1373 (zu
1187 1334 1207 1375 ξ
1232 1334 1277 1373 7),
1302 1334 1383 1365 nach
1414 1332 1604 1374 Numidien,

934 1380 1053 1410 kehrte
1070 1379 1152 1411 aber
1168 1378 1223 1411 bei
1241 1378 1393 1410 dex-eben
1411 1379 1605 1410 erwiihnten

937 1423 1159 1465 Gelegenheit
1208 1425 1292 1456 nach
1331 1423 1412 1455 Rom
1459 1422 1606 1461 zuriick3

935 1469 1083 1501 nachher
1115 1468 1246 1500 schloss
1277 1478 1314 1500 er
1343 1468 1415 1500 sich
1444 1478 1485 1499 an
1510 1468 1606 1500 Sulla

935 1524 976 1545 an
1024 1514 1088 1545 und
1135 1514 1293 1555 gelaugte
1348 1513 1432 1545 nach
1485 1513 1606 1544 dessen

934 1559 1007 1591 Tod
1067 1559 1173 1590 durch
1232 1559 1368 1590 schlaue
1426 1555 1605 1590 Gowandt-

935 1604 1007 1636 heit
1053 1614 1095 1636 zu
1138 1603 1286 1645 grossam
1332 1603 1500 1635 Eintlusse
1538 1603 1607 1635 und

935 1649 1101 1681 Ansehen.
1166 1648 1236 1681 Cic.
1269 1649 1382 1690 parad.
1411 1649 1453 1688 5,
1487 1648 1529 1689 3,
1563 1648 1606 1680 40

935 1695 993 1726 illa
1010 1693 1185 1736 cupiditas,
1211 1704 1294 1735 quae
1312 1693 1446 1725 videtur
1473 1703 1543 1724 esse
1569 1692 1608 1724 li-

937 1739 1091 1780 beralior,
1099 1740 1248 1780 lionoris,
1256 1740 1401 1782 impendi,
1416 1739 1607 1781 provincia—

936 1795 1025 1825 rum,
1056 1795 1156 1826 quam
1174 1784 1263 1816 dura
1286 1787 1335 1815 est
1357 1783 1512 1815 domina!
1537 1807 1545 1815 .
1569 1808 1578 1816 .

940 1829 1090 1871 Cethego,
1119 1830 1247 1861 homiui
1274 1839 1338 1860 non
1353 1829 1606 1870 probatissimo,

937 1876 1062 1906 servire
1079 1876 1187 1915 coegit
1203 1885 1268 1915 eos,
1288 1876 1347 1916 qui
1363 1874 1430 1905 sibi
1445 1884 1517 1905 esse
1534 1883 1608 1905 am-

934 1919 1085 1962 plissimi
1111 1919 1329 1959 videbantum·
1358 1929 1503 1950 munera
1527 1920 1608 1950 mit-

937 1967 1020 2004 tere,
1037 1967 1134 1996 noctu
1153 1966 1263 1996 venire
1278 1964 1416 1996 domum
1443 1962 1492 1995 ad
1517 1973 1608 2003 eum,

933 2011 1080 2052 precari,
1104 2009 1246 2051 denique
1272 2009 1473 2052 supplicare.
1518 2007 1609 2048 Quae

938 2056 1085 2086 servitus
1112 2057 1172 2095 est,
1202 2057 1234 2086 si
1259 2055 1338 2086 liaeo
1365 2054 1504 2085 libertas
1531 2055 1608 2085 eati-

937 2101 1075 2132 stimat-c
1086 2102 1217 2142 potest?
1233 2117 1276 2123 —
1294 2099 1376 2131 &Vie
1387 2108 1424 2130 er
1441 2103 1530 2130 etwa
1547 2098 1608 2130 mit

938 2145 1011 2177 dem
1041 2145 1261 2177 Catilinarier
1290 2145 1326 2176 C.
1346 2143 1513 2184 Cethegus
1531 2153 1609 2175 ver-

938 2190 1053 2221 wandt
1070 2199 1153 2230 war,
1170 2190 1218 2222 ist
1234 2189 1436 2220 unbekannt.

986 2245 1082 2266 vera:
1099 2235 1167 2275 vgl.
1187 2233 1254 2274 lug.
1277 2234 1327 2273 16,
1351 2234 1360 2264 1
1380 2245 1389 2272 3
1407 2232 1462 2273 30,
1481 2233 1513 2264 2.

985 2281 1134 2311 nomine:
1163 2279 1270 2321 suppl.
1301 2281 1430 2317 vostro;
1454 2278 1520 2319 vgl.
1539 2276 1608 2319 lug.

944 2326 993 2365 10,
1014 2325 1049 2363 ‘23
1072 2324 1122 2364 18,
1143 2325 1193 2356 12.

986 2370 1039 2400 21.
1066 2368 1149 2400 illa.
1170 2395 1176 2400 .
1198 2393 1204 2399 .
1226 2369 1379 2401 collecta:
1409 2368 1463 2400 die
1488 2367 1613 2400 Streit-

939 2412 1050 2445 kr‘zifte
1082 2413 1139 2445 des
1176 2413 1334 2456 Lepidus.
1360 2432 1403 2437 —
1434 2414 1527 2446 Statt
1554 2413 1612 2445 des

939 2459 1116 2491 handschr.
1147 2461 1265 2491 nostra
1294 2459 1449 2491 schreibt
1471 2458 1612 2490 Dietsch

939 2505 1069 2543 vostra,
1105 2513 1176 2536 was
1210 2504 1302 2536 nicht
1334 2503 1613 2536 unwahrschein-

939 2549 1008 2581 lich
1025 2548 1082 2580 ist.
