1720 2875
502 109 558 141 DE
583 109 724 141 BELLO
748 108 950 142 IUGURTH.
975 107 1010 141 C.
1037 109 1088 140 85.
1418 109 1496 148 189

96 223 206 262 ergo,
235 211 339 262 quod
369 211 492 257 iuvat,
524 210 628 261 quod
661 221 792 248 carum
821 214 1064 253 aestumant,
1096 209 1135 248 id
1157 221 1315 260 semper
1336 207 1494 248 faciant:

94 272 241 312 ament,
262 272 411 317 potent,
433 267 500 305 ubi
516 266 817 305 adulescentiam
836 265 1018 311 habuere,
1040 265 1092 303 ibi
1111 271 1353 304 senectutem
1369 272 1495 315 agant,

91 322 132 361 in
149 323 350 368 conviviis,
368 323 488 361 dediti
504 322 630 360 ventri
645 326 684 359 et
700 321 962 372 turpissumae
979 321 1079 371 parti
1096 322 1288 371 corporis;
1310 321 1496 360 sudorem

90 379 294 429 pulverem
317 384 355 417 et
376 379 448 417 alia
469 378 558 416 talia
580 377 804 428 relinquant
824 376 950 420 nobis,
973 377 1114 427 quibus
1136 377 1196 415 illa
1216 377 1337 428 epulis
1358 377 1495 416 iocun-

92 434 199 472 diora
222 439 326 473 sunt.
356 435 501 472 Verum
523 444 603 471 non
624 433 677 471 ita
694 438 774 471 est:
798 445 889 471 nam
907 432 972 471 ubi
989 445 1031 471 se
1047 432 1198 482 flagitiis
1216 433 1498 472 dedecoravere
1523 443 1567 475 42

91 490 323 541 turpissumi
344 490 434 534 viri,
462 490 656 527 honorum
686 489 858 539 praemia
888 495 1065 539 ereptum
1088 494 1193 527 eunt.
1244 489 1299 527 Ita
1320 489 1500 528 iniustis·
1523 499 1566 531 43

92 558 204 584 sume
224 545 377 583 luxuria
406 550 443 583 et
465 544 612 594 ignavia
626 575 634 589 ,
662 557 867 595 pessumae
889 550 1005 589 artes,
1036 544 1123 588 illis,
1158 544 1224 595 qui
1246 546 1400 583 coluere
1422 558 1498 590 eas,

89 601 187 640 nihil
208 601 400 645 officiunt,
422 601 478 639 rei
499 600 677 651 publicae
698 601 881 639 innoxiae
903 601 999 639 cladi
1021 606 1126 639 sunt.
1172 601 1285 639 Nunc
1306 602 1491 652 quoniam
1525 612 1568 643 44

89 657 177 702 illis,
209 663 401 707 quantum
428 657 505 695 mei
536 668 680 702 mores,
712 668 793 695 non
820 657 977 695 illorum
1008 656 1148 706 flagitia
1170 657 1500 707 posceba11t,·re-

90 712 242 763 spondi,
263 725 385 763 pauca
408 713 456 750 de
477 725 517 751 re
538 712 692 763 publica
712 713 860 763 loquar.
893 713 1070 751 Primum
1094 713 1270 751 omnium
1295 713 1340 751 de
1357 713 1498 751 Numi-
1523 724 1566 756 45

90 769 150 807 dia
172 769 320 807 honum
344 769 484 807 habete
506 769 694 814 animum,
717 769 899 815 Quirites.
934 769 1030 807 Nam
1056 781 1154 819 quae
1178 769 1224 806 ad
1247 769 1321 807 hoc
1341 775 1500 819 tempus

88 824 316 874 Iugurtham
340 829 464 863 tutata
486 830 591 870 sunt,
626 824 759 862 omnia
781 825 1015 869 removistis,
1046 824 1245 862 avaritiam
1273 825 1497 875 inperitiam

90 885 205 931 atque
227 880 475 931 superbiam:
508 880 650 918 deinde
679 880 872 919 exercitus
903 880 956 918 ibi
979 886 1037 918 est
1058 880 1234 918 locorum
1256 881 1394 924 sciens,
1428 882 1497 919 sed

87 936 310 975 mehercule
339 936 462 986 magis
489 941 675 975 strenuus
706 949 822 986 quam
850 936 964 982 felix3
1001 948 1092 974 nam
1122 939 1270 985 'magna
1298 949 1386 986 pars
1415 937 1497 975 eius
1523 947 1567 978 46

88 992 242 1030 avaritia
265 998 332 1031 aut
352 992 575 1031 temeritate
593 993 736 1031 ducum
752 992 883 1030 attrita
901 998 970 1030 est.
1003 994 1129 1039 Quam
1148 992 1196 1030 oh
1213 1004 1296 1030 rem
1314 1005 1393 1039 vos,
1412 993 1498 1042 qui—
1523 1003 1565 1033 47

86 1047 159 1086 bus
177 1049 357 1086 militaris
375 1054 478 1087 aetas
497 1054 566 1092 est,
586 1048 808 1087 adnitimini
826 1061 982 1086 mecum
1000 1055 1038 1086 et
1055 1048 1246 1099 capessite
1262 1060 1346 1086 rem
1365 1048 1494 1098 puhli—

87 1116 193 1149 cam;
215 1116 346 1155 neque
368 1117 606 1155 quemquam
630 1117 675 1142 ex
697 1104 914 1142 calamitate
937 1104 1104 1143 aliorum
1125 1110 1190 1143 aut
1210 1104 1494 1154 imperatorum

87 1160 268 1210 superbia
279 1166 410 1199 metus
421 1161 580 1211 ceperit.
595 1160 808 1211 Egometin
826 1160 982 1210 agmine
999 1166 1065 1198 aut
1080 1160 1120 1198 in
1135 1160 1281 1210 proelio
1294 1160 1496 1198 consultor

84 1215 190 1255 idem
213 1221 251 1254 et
270 1217 398 1255 socius
419 1216 579 1267 periculi
604 1217 802 1255 vobiscum
825 1217 955 1261 adero,
978 1229 1121 1267 meque
1137 1228 1284 1266 vosque
1305 1216 1345 1254 in
1366 1216 1494 1254 omni-

26 1288 30 1289 ⁷
84 1271 158 1311 bus
179 1272 298 1310 rebus
314 1272 418 1310 iuxta
434 1284 579 1322 geram.
610 1272 659 1310 Et
674 1276 849 1323 profecto
868 1273 925 1310 dis
942 1271 1168 1310 iuvantibus
1190 1272 1322 1310 omnia
1344 1278 1496 1311 matura
1524 1282 1567 1313 43

85 1362 260 1395 Gebrauch
286 1373 351 1394 von
381 1364 458 1404 quin
487 1363 520 1394 in
544 1363 603 1394 der
626 1362 753 1394 auffer-

85 1407 230 1438 dernden
257 1406 367 1448 Frage
400 1408 459 1438 mit
489 1408 560 1440 dem
588 1406 752 1439 Indieativ

84 1454 176 1493 (quin
198 1454 290 1483 imus
299 1453 324 1491 ?)
355 1452 504 1484 schreibt
527 1463 561 1484 es
584 1453 659 1484 sich
681 1454 750 1491 her,

83 1497 160 1528 dass
178 1507 213 1528 es
230 1499 314 1528 auch
327 1507 391 1528 vor
404 1498 475 1529 dem
490 1496 669 1540 lmperativ
687 1498 752 1528 und

84 1542 157 1573 (lem
194 1542 309 1583 imper.
342 1540 543 1581 Conjunctiv
577 1552 752 1582 angewen-

83 1587 139 1618 det
161 1586 256 1617 wird.
294 1586 376 1618 Hier
399 1597 488 1627 „nun
511 1598 548 1619 so
566 1589 682 1627 miigen
701 1587 751 1619 sie

82 1642 113 1663 u.
135 1642 161 1663 s.
181 1631 250 1663 w.⁴‘

126 1687 247 1708 carum
261 1679 472 1708 aestumant:
490 1677 557 1716 vgl.
575 1677 752 1719 ampleoea-

81 1723 171 1753 mini
199 1722 262 1753 Cat
290 1722 344 1761 52,
368 1723 398 1752 5.
424 1740 467 1744 —
492 1725 616 1759 ament,
643 1725 752 1764 potent

82 1771 146 1798 etc.
165 1767 233 1806 vgl.
253 1766 323 1798 Cat.
345 1768 396 1805 11,
415 1767 451 1805 63
473 1767 577 1807 13‚3;
599 1768 650 1807 14,
669 1767 698 1798 2.

126 1811 180 1842 42.
205 1821 272 1843 non
293 1813 344 1842 ita
360 1813 426 1842 est:
452 1812 596 1843 n'amlich
613 1815 652 1843 ut
669 1811 750 1843 bella

77 1855 230 1898 gerenda
245 1857 340 1887 nobis
353 1856 419 1888 reli
423 1859 555 1898 nqztant.

127 1901 180 1932 43.
205 1902 257 1931 ita
269 1902 500 1934 iniustissume
513 1907 576 1933 etc.
593 1902 660 1933 Der
669 1901 749 1933 Sinn

80 1946 126 1977 ist
139 1956 225 1985 „von
236 1945 358 1977 Rechts
366 1956 480 1987 wegen
496 1947 619 1978 sollten
627 1945 749 1987 gerade

78 1990 275 2031 umgekehrt
303 1990 355 2021 die
380 1991 507 2031 Folgen
537 1992 595 2023 des
620 1992 749 2022 wiisten

79 2035 210 2067 Lebens
233 2035 288 2066 die
310 2035 440 2076 treffen,
466 2037 592 2068 welche
616 2046 652 2067 es
675 2034 750 2066 fiih-

80 2090 151 2119 ren,
179 2080 273 2112 nicht
297 2079 378 2112 aber
402 2081 465 2113 deu
488 2082 596 2121 Staat,
624 2081 685 2112 der
707 2090 749 2111 an

78 2125 173 2157 ihrer
205 2124 470 2166 Schlechtigkeit
500 2127 598 2157 keine
626 2125 749 2157 Schuld

77 2170 172 2202 hat.“

125 2215 178 2246 45.
205 2216 387 2247 avaritiam
400 2220 464 2247 etc.
486 2215 602 2246 Dieses
616 2215 680 2246 und
695 2215 748 2246 die

78 2257 254 2300 folgenden
264 2259 403 2292 VViirter
420 2261 541 2292 deuten
556 2258 754 2291 einzelnauf

78 2303 202 2344 Bestia,
222 2304 361 2336 Albinus
378 2305 442 2336 und
460 2304 621 2336 Metellus
638 2305 705 2335 hin.

125 2348 258 2380 deinde.-
277 2350 463 2392 eutspricht
477 2351 570 2382 nicht
584 2350 655 2381 dein
670 2360 749 2381 vor-

79 2394 355 2434 hergegangenen
389 2397 539 2437 primum
554 2420 563 2435 ‚
603 2395 748 2426 sondern

78 2436 149 2478 f'tigt
165 2449 206 2469 zu
220 2439 291 2469 dein
306 2448 421 2471 nam..
431 2464 438 2471 .
448 2442 636 2471 removistis
649 2440 747 2471 einen

79 2483 220 2515 zweiten
237 2482 353 2514 Grund
371 2484 480 2515 hinzu.

125 2528 283 2560 46.>nam
314 2551 320 2559 .
353 2552 361 2560 .
391 2553 398 2560 .
427 2530 544 2561 attrita
572 2532 637 2561 est:
664 2529 747 2561 Hier

825 1363 931 1394 meint
944 1364 1031 1394 wohl
1046 1364 1130 1395 Mar.
1146 1363 1205 1394 (len
1221 1362 1299 1394 Met.
1315 1363 1409 1393 nieht
1421 1363 1493 1401 mit,

825 1418 895 1439 was
929 1408 1083 1439 iiberdies
1117 1408 1190 1440 eine
1223 1417 1283 1448 gar
1310 1418 1351 1438 zu
1380 1407 1494 1438 starke

825 1453 918 1493 Liige
947 1454 1019 1484 sein
1048 1453 1180 1489 wiirde,
1211 1453 1353 1484 sondern
1378 1453 1494 1483 ‹leutet

825 1503 897 1529 erst
920 1498 962 1529 im
980 1497 1158 1538 folgenden
1175 1499 1418 1539 imperatorum
1434 1507 1492 1528 su—

820 1543 938 1585 perbia
956 1542 977 1583 ξ
995 1544 1035 1574 47
1058 1542 1188 1574 wieder
1212 1541 1272 1574 auf
1292 1542 1410 1573 dessen
1433 1542 1494 1573 Be-

824 1589 972 1628 nehmen,
996 1588 1068 1618 dem
1091 1589 1149 1618 das
1167 1587 1297 1627 seinige
1314 1586 1493 1618 uniihulicll

824 1632 894 1664 sein
913 1632 1035 1670 werde,
1052 1632 1120 1663 hin.

869 1678 923 1709 47.
949 1679 1103 1719 capessite
1119 1687 1191 1709 rem
1205 1675 1310 1719 palm.-
1330 1676 1399 1715 vgl.
1418 1675 1489 1707 Cat.

824 1722 879 1761 52,
898 1723 928 1753 5.

867 1776 969 1807 neque
985 1789 992 1798 .
1010 1790 1016 1796 .
1034 1790 1040 1797 .
1055 1768 1196 1809 ceperit:
1214 1775 1315 1806 neque
1331 1765 1422 1796 steht
1437 1764 1492 1796 bei

823 1811 895 1843 dem
905 1812 1203 1853 imperativischen
1213 1810 1306 1851 Conj.
1320 1819 1428 1852 praes.
1440 1811 1491 1840 od.

822 1856 906 1898 perf.
931 1856 1131 1897 regelrecht,
1156 1866 1253 1888 wenn
1277 1855 1336 1886 der
1352 1855 1492 1885 vorher-

821 1902 969 1941 gehende
993 1900 1246 1942 lmperativsatz
1274 1899 1401 1941 positiv
1428 1899 1490 1937 ἱεῖς

822 1947 890 1987 vgl.
912 1947 985 1985 110,
1010 1947 1029 1977 4
1051 1949 1081 1978 et
1101 1956 1288 1987 numquam
1305 1945 1490 1987 putaveris.

821 1991 916 2022 Auch
940 1992 1041 2023 findet
1065 1991 1150 2031 hier,
1175 1992 1241 2022 wie
1265 1990 1298 2021 in
1315 1990 1374 2020 ‹ler
1391 1999 1493 2028 ange-

821 2035 955 2068 fiihrten
989 2037 1110 2075 Stelle,
1144 2036 1237 2067 nicht
1267 2035 1322 2066 eiu
1351 2033 1491 2070 Verbot‚

821 2082 966 2112 sondern
1004 2082 1076 2112 eine
1108 2080 1359 2119 Aufforderung
1397 2082 1492 2118 statt,

821 2127 1007 2166 gegriindet
1029 2125 1089 2157 auf
1108 2125 1180 2156 eine
1196 2127 1256 2156 mit
1271 2124 1491 2164 angedeutete

822 2171 1083 2211 Versicherung,
1106 2171 1160 2202 die
1184 2170 1227 2201 im
1244 2169 1396 2208 segleich
1413 2167 1491 2198 Fol-

820 2216 948 2256 genden
973 2217 1056 2247 noch
1080 2216 1185 2246 nither
1207 2215 1376 2246 bestimmt
1392 2212 1487 2243 wird.

867 2261 1056 2293 consaltor:
1079 2261 1131 2292 ein
1155 2259 1214 2291 auf
1233 2260 1288 2290 die
1310 2257 1491 2290 Gemiither

821 2306 881 2337 der
896 2306 1069 2337 Ho'rendeu
1082 2305 1395 2336 wohlberechneter
1403 2304 1490 2333 Aus-

821 2350 936 2381 druck.

865 2405 980 2436 meque
1006 2405 1146 2436 vosque:
1178 2394 1279 2426 Sonst
1307 2392 1489 2433 gebraucht

819 2438 900 2470 Sall.
928 2440 960 2470 in
984 2440 1047 2470 den
1064 2438 1284 2471 Ausdriicken
1310 2437 1369 2469 mit
1389 2438 1489 2468 iuxta

820 2494 883 2515 nur
907 2484 960 2516 die
983 2484 1136 2516 einfache
1155 2483 1290 2527 Copula,
1314 2483 1382 2515 wie
1405 2493 1434 2513 z.
1453 2481 1486 2511 B.

820 2529 892 2560 Cat.
912 2529 944 2569 2,
962 2529 999 2569 83
1017 2529 1099 2561 oben
1117 2529 1139 2571 ξ
1157 2529 1210 2561 33.
