1720 2875
557 160 614 192 DE
638 160 778 193 BELLO
805 158 1005 193 lUGURTH.
1045 160 1082 192 C.
1109 160 1206 192 5-7,
1535 157 1588 197 99

177 262 322 308 fratris,
344 276 461 314 quem
483 262 697 306 Masinissa,
719 261 823 312 quod
846 266 956 299 ortus
978 274 1025 300 ex
1041 260 1259 299 concubina
1278 264 1370 305 erat,
1392 259 1588 310 privatum

178 319 449 370 dereliquerat,
473 319 610 357 eodem
628 317 733 356 cultu
750 329 827 368 quo
850 317 991 355 liberos
1014 329 1105 355 suos
1124 317 1230 355 domi
1248 316 1394 355 habuit.
1427 316 1503 362 Qui
1521 315 1586 354 ubi
1609 317 1634 351 6

177 375 349 427 primum
374 375 556 419 adolevit,
593 374 744 424 pollens
767 373 933 418 viribus,
964 373 1104 411 decora
1127 372 1243 419 faeie,
1265 372 1333 411 sed
1355 372 1479 410 multo
1502 383 1589 409 ma-

177 443 295 470 xume
316 431 471 482 ingenio
493 430 660 475 validus,
697 440 779 468 non
806 441 849 467 se
869 429 962 467 luxu
984 440 1112 479 neque
1134 428 1296 467 inertiae
1319 440 1588 478 corrumpun—

177 488 271 527 dum
293 488 409 533 dedit,
432 486 510 529 sed,
532 486 589 524 uti
612 498 697 524 mos
718 485 845 535 gentis
866 485 968 523 illius
990 491 1060 530 est,
1084 485 1259 535 equitare
1274 484 1446 528 iaculari,
1471 495 1589 522 cursu

177 556 265 583 cum
289 542 513 593 aequalibus
535 546 686 580 certare
707 547 756 583 et,
788 553 876 580 eum
901 540 1029 579 omnis
1060 541 1182 591 gloria
1204 541 1381 582 anteiret,
1404 539 1588 578 omnibus

176 605 307 639 tamen
344 611 454 637 carus
491 610 595 643 esse3
627 597 674 635 ad
697 597 771 635 hoc
792 598 977 648 pleraque
997 601 1176 647 tempora
1198 596 1238 634 in
1263 597 1439 635 venando
1461 608 1587 646 agere,

175 657 329 694 leonem
350 660 467 705 atque
488 654 581 692 alias
602 653 704 692 feras
727 653 880 704 primus
898 659 962 691 aut
983 652 1023 690 in
1042 653 1180 703 primis
1203 653 1338 695 ferire,
1360 653 1589 703 plurumum

174 711 315 757 faeere,
337 711 560 749 minumum
583 710 667 760 ipse
689 710 736 748 de
754 722 796 748 se
813 710 930 760 loqui.
963 708 1114 755 Quibus
1130 709 1248 747 rebus
1266 709 1422 760 Micipsa
1439 712 1585 746 tamet-
1611 715 1630 746 2

175 767 206 806 si
227 767 337 805 initio
359 767 483 805 laetus
512 766 641 805 fuerat
663 766 903 804 existumans
928 765 1113 804 virtutem
1140 765 1351 815 Iugurthae
1377 776 1498 815 regno
1521 776 1593 802 suo

175 823 318 874 gloriae
335 823 431 868 fore,
448 828 595 866 tamen,
618 828 828 872 postquam
844 821 1046 859 hominem
1064 822 1354 860 adulescentem
1375 828 1505 859 exacta
1523 832 1593 858 sua

175 885 302 919 aetate
324 884 362 917 et
383 879 508 930 parvis
530 878 663 916 liberis
686 878 807 928 magis
831 878 1032 928 magisque
1055 889 1233 915 cresovre
1247 877 1448 927 intellegit,
1471 876 1592 915 vehe-

174 941 329 974 menter
345 948 391 974 eo
409 935 564 985 negotio
581 940 782 985 permotus
799 935 921 972 multa
941 946 1030 972 eum
1050 934 1181 972 animo
1194 945 1263 971 suo
1280 933 1467 972 volvebat.
1490 933 1591 972 Ter—

172 991 282 1030 rebat
299 1005 390 1030 eum
407 997 544 1030 natura
561 990 784 1029 mortalium
802 990 911 1028 avida
932 990 1072 1040 imperi
1097 995 1135 1028 et
1151 1001 1339 1040 praeceps
1361 989 1406 1027 ad
1429 989 1591 1039 explen-

174 1048 259 1088 dam
283 1048 405 1087 animi
422 1048 659 1098 cupidinem,
678 1052 877 1096 praeterea
896 1046 1171 1097 opportunitas
1190 1058 1282 1084 suae
1296 1045 1590 1096 liberorumque

174 1105 325 1150 aetatis,
349 1117 449 1155 quae
471 1104 584 1142 etiam
609 1102 812 1141 mediocris
835 1102 938 1140 viros
961 1115 1028 1153 spe
1047 1102 1215 1152 praedae
1231 1108 1481 1140 transvorsos
1499 1101 1589 1151 agit,

174 1161 222 1199 ad
244 1161 319 1199 hoc
340 1160 465 1198 studia
488 1160 742 1198 Numidarum
766 1159 804 1196 in
827 1159 1049 1210 Iugurtham
1074 1170 1257 1203 accensa,
1296 1170 1341 1196 ex
1364 1158 1526 1209 quibus,
1559 1157 1591 1195 si

173 1217 287 1256 talem
307 1217 433 1255 virum
452 1216 551 1254 dolis
573 1214 846 1260 interfecisset,
865 1227 913 1252 ne
931 1227 1007 1265 qua
1024 1214 1162 1252 seditio
1180 1221 1246 1253 aut
1259 1214 1403 1252 bellum
1422 1213 1591 1252 oriretur

174 1273 311 1311 anxius
333 1279 426 1312 erat.
458 1272 526 1310 His
549 1270 840 1309 difficultatibus
862 1271 1152 1309 circumventus
1169 1270 1236 1309 ubi
1252 1270 1355 1308 videt
1372 1281 1502 1320 neque
1519 1281 1587 1320 per
1607 1275 1629 1310 7

173 1329 252 1369 vim
271 1341 399 1380 neque
414 1328 564 1366 insidiis
582 1327 751 1378 opprimi
770 1339 887 1377 posse
908 1327 1110 1365 hominem
1132 1329 1213 1365 tam
1238 1333 1442 1377 acceptum
1464 1338 1592 1376 popu·
1617 1356 1619 1358 -

220 1420 251 1450 7.
277 1429 375 1460 quem
393 1423 456 1450 etc.
490 1417 522 1448 ln
541 1417 607 1448 wie
632 1415 704 1447 feru
723 1416 846 1448 Masin.

173 1464 280 1496 selbst
297 1475 336 1495 au
366 1464 478 1494 dieser
497 1462 743 1501 Bestimmunng
765 1461 848 1492 iiber

172 1509 334 1550 Jugurtha
360 1508 537 1548 betheiligt
561 1517 647 1547 war,
674 1507 759 1537 liisst
775 1507 846 1537 sich

174 1554 267 1586 nicht
283 1563 389 1593 genau
407 1563 521 1593 sagea.
553 1551 599 1582 Er
617 1553 746 1582 mochte
764 1550 847 1583 fest-

173 1603 305 1640 gesetzt
334 1598 454 1638 haben,
495 1597 572 1628 dass
611 1597 684 1636 Jug.
712 1594 846 1635 kiinftig

173 1655 237 1676 von
255 1644 343 1675 allen
365 1643 510 1674 liechteu
529 1641 641 1673 seiner
659 1640 846 1673 Nachkom-

173 1699 245 1721 meu
264 1688 541 1728 ausgeschlossen
574 1686 705 1717 bleiben
732 1686 845 1727 sollte,

171 1744 242 1766 was
252 1733 311 1765 mit
324 1736 407 1775 priv.
416 1732 571 1773 del-eliqa.
582 1731 777 1762 bezeichuet
789 1730 841 1762 ist.

218 1778 331 1811 eodem
350 1777 442 1809 cullu
459 1781 523 1808 etc.
557 1776 668 1807 Damit
690 1776 733 1807 ist
752 1775 844 1807 nicht

172 1829 308 1865 gesagt,
335 1823 412 1854 dass
442 1822 517 1853 Mic.
541 1821 595 1852 ihu
623 1820 735 1861 gleich
755 1820 844 1859 jetzt

173 1870 206 1901 in
221 1869 287 1899 alle
304 1867 426 1899 Rechte
441 1867 532 1899 eines
548 1865 758 1905 Hb'uigsohns
773 1865 844 1896 ein—

175 1919 287 1946 setzen
313 1913 427 1944 wollte
458 1912 529 1952 (vgl
561 1914 592 1951 9,
610 1913 658 1951 3),
684 1910 843 1942 wiewohl

174 1969 212 1990 er
230 1958 344 2000 spater
360 1957 465 1988 durch
480 1956 533 1988 die
553 1956 674 1988 Woi·te
702 1956 752 1991 10,
775 1957 785 1987 1
807 1957 842 1986 in

173 2014 318 2045 regwcm
349 2013 459 2033 meum
488 2003 602 2043 accepi
630 2001 692 2033 den
722 1999 842 2032 Scheiu

174 2049 322 2080 annulum.
342 2048 393 2079 als
410 2048 493 2078 habe
522 2057 560 2078 er
577 2047 636 2077 das
655 2046 757 2077 sehon
786 2045 844 2076 da—

174 2093 259 2125 mals
278 2092 514 2132 beabsichtigt.

220 2132 246 2170 6
301 2139 328 2169 1.
367 2138 479 2179 facie.-
507 2146 583 2167 vom
606 2145 731 2175 ganzeu
756 2134 845 2166 Aeu-

173 2183 286 2215 [seren
305 2188 432 2224 gesagt.

221 2228 325 2260 luxu:
345 2226 486 2260 Dativiu
497 2223 845 2264 conti-ahirterFoi-m,

174 2274 238 2304 wie
256 2274 306 2304 sie
324 2283 365 2303 zu
378 2272 460 2304 Sall.
477 2271 554 2303 Zeit
567 2272 649 2301 noch
662 2269 846 2310 gebrant-ht

176 2318 301 2350 wurde.

221 2363 364 2394 leonem:
388 2362 448 2394 der
469 2361 561 2402 Sing.
584 2360 635 2392 als
662 2359 847 2399 Gattungs-

177 2407 302 2448 begriff
320 2407 385 2439 wie
402 2418 433 2438 u.
453 2417 482 2438 a.
503 2407 555 2446 17,
575 2407 593 2437 5
618 2405 754 2443 arb01·e,·
791 2404 844 2444 57,

177 2454 198 2485 4
211 2451 344 2494 glande.

222 2498 240 2528 2
280 2496 456 2538 intellegit.-
483 2496 556 2527 hier
579 2495 630 2526 ein
656 2493 845 2526 Perfectum

176 2542 265 2574 alter
284 2542 398 2581 Form3
431 2541 499 2581 vgl.
525 2540 581 2572 Or.
599 2539 677 2581 Lep.
708 2540 750 2570 23
779 2539 844 2569 und

177 2586 248 2619 Cat.
269 2589 323 2628 51,
342 2589 393 2618 24.

967 1417 996 1448 3.
1025 1418 1253 1459 opportunitas
1267 1421 1331 1447 etc.
1358 1416 1419 1447 Die
1433 1427 1495 1447 zur
1510 1418 1593 1447 Aus-

920 1461 1065 1502 fiihrung
1121 1460 1351 1501 geffihrlicher
1402 1460 1591 1501 Auschliige

919 1507 1076 1547 giinstige
1096 1505 1334 1546 Gelegeuheit‚
1366 1506 1493 1537 welche
1519 1506 1592 1537 sein

918 1552 1021 1582 hohes
1039 1562 1068 1582 u.
1088 1552 1197 1582 seiner
1216 1552 1323 1582 saline
1352 1551 1509 1591 geringes
1532 1551 1593 1582 Al-

918 1600 973 1628 ter
990 1596 1063 1628 dem
1080 1596 1145 1635 Jug
1175 1596 1306 1627 dai-bot.

964 1663 1065 1694 quae:
1098 1651 1158 1684 auf
1183 1654 1357 1694 opportzcn.
1385 1652 1489 1683 allein
1526 1651 1593 1682 und

918 1698 1036 1729 dessen
1062 1698 1254 1737 Bedeutung
1282 1697 1325 1728 im
1349 1696 1592 1736 Allgemeinen,

918 1743 1010 1774 nicht
1034 1742 1094 1773 mit
1118 1741 1177 1774 auf
1198 1752 1281 1773 suae
1305 1742 1356 1773 leb.
1380 1743 1513 1781 aetatis,
1549 1752 1590 1772 zu

916 1788 1095 1827 heziehen3
1134 1787 1189 1818 die
1217 1791 1396 1827 getrennte
1425 1786 1590 1826 Stellung‚

917 1833 980 1863 wie
998 1833 1069 1864 Cat.
1089 1833 1141 1870 48,
1163 1833 1175 1863 1
1198 1843 1229 1863 u.
1248 1833 1278 1863 4.

961 1888 1156 1920 mediocris.-
1197 1888 1327 1928 solche,
1360 1888 1413 1918 die
1446 1897 1486 1918 an
1520 1887 1592 1918 sich

917 1934 1024 1966 selbst
1043 1935 1136 1965 nicht
1153 1934 1215 1964 den
1228 1934 1331 1965 Trieb
1349 1933 1466 1970 haben,
1486 1937 1592 1963 etwas

917 1979 1220 2020 Ungewohnliehes
1246 1978 1309 2009 und
1328 1978 1592 2009 Aul'seroident-

917 2024 1026 2056 liches
1060 2024 1114 2062 (im
1144 2021 1255 2055 Guten
1285 2023 1366 2054 oder
1396 2023 1514 2060 Bosen)
1549 2033 1590 2052 zu

918 2070 1009 2101 thun.

961 2128 1177 2157 transvorsos
1204 2126 1298 2166 agit:
1330 2124 1384 2155 die
1422 2122 1590 2164 Gelegen-

917 2171 990 2201 heit
1021 2170 1125 2201 treibt
1158 2170 1209 2201 sie
1248 2180 1307 2200 aus
1341 2170 1412 2200 dem
1455 2169 1592 2199 rechten

919 2214 1027 2255 wege
1046 2215 1119 2255 (der
1136 2214 1189 2245 fiir
1203 2214 1359 2245 *mediocrn
1375 2215 1436 2244 vir.
1452 2212 1593 2253 zuffillig

918 2260 982 2290 und
1001 2260 1084 2291 ohne
1104 2260 1157 2290 ihi·
1173 2260 1354 2291 Verdieust
1366 2259 1426 2290 der
1436 2259 1593 2298 gewb'hn—

921 2304 1008 2336 liehe
1026 2304 1098 2335 sein
1119 2305 1216 2339 kann)
1237 2307 1376 2334 hei-aus:
1410 2303 1591 2343 eigentlich

918 2360 1006 2390 „zur
1023 2350 1123 2389 Seite,
1153 2350 1185 2380 in
1204 2350 1255 2380 die
1276 2348 1400 2389 Que1·“.
1439 2348 1513 2388 vgl.
1538 2349 1587 2388 14,

920 2397 980 2430 20;
998 2394 1081 2425 auch
1100 2395 1181 2425 Cato
1201 2394 1251 2424 bei
1272 2393 1349 2425 Gell
1377 2392 1414 2424 N.
1435 2394 1473 2424 A.
1494 2394 1513 2425 6
1531 2394 1588 2431 (7),

920 2439 951 2478 3,
973 2440 1011 2471 14
1040 2438 1205 2470 secundae
1234 2449 1287 2470 res
1316 2438 1447 2469 laetitia
1476 2440 1591 2469 tran-s·-

920 2494 1051 2515 vorsmu
1070 2483 1207 2515 trudere
1234 2483 1339 2514 solent
1363 2493 1385 2513 a
1406 2486 1495 2514 recte
1514 2493 1589 2514 con-

918 2528 1059 2559 sulendo
1077 2532 1174 2569 atque
1192 2527 1425 2569 intellegendo.

964 2583 1098 2624 quibus:
1116 2583 1261 2615 namlich
1277 2581 1410 2613 stadiis.

1265 2627 1308 2659 7*

1618 936 1637 967 00
