1720 2875
460 104 516 136 DE
540 103 680 136 BELLO
705 102 907 137 IUGURTH.
956 103 992 135 C.
1017 103 1160 134 55—58.
1433 102 1509 141 159

106 211 222 257 atque
252 208 338 246 loco
368 206 512 257 paratis
541 206 657 245 rebus
686 209 823 244 cuncta
854 204 1009 243 moenia
1040 204 1211 243 exercitu
1242 202 1508 247 circumvenit,

104 263 239 313 legatis
261 263 441 314 imperat,
463 263 529 301 ubi
551 263 713 313 quisque
735 265 898 300 curaret.
928 260 1075 299 Deinde
1097 260 1208 311 signo
1230 261 1317 299 dato
1337 259 1508 310 undiquc
1533 267 1552 298 3

105 319 223 357 simul
245 320 390 358 clamor
411 319 548 369 ingens
571 318 705 362 oritur,
727 329 857 368 neque
875 328 918 354 ea
934 328 995 355 res
1014 316 1203 355 Numidas
1220 322 1358 356 terret:
1380 315 1509 354 infen-

105 375 138 414 si
160 375 379 426 intentique
396 375 481 413 sine
497 374 669 413 tumultu
686 378 869 412 manent:
893 373 1084 423 proelium
1101 373 1296 431 incipitur.
1327 371 1506 416 Romani,
1533 382 1553 412 4

103 443 174 482 pro
198 432 352 482 ingenio
374 431 551 481 quisque,
572 441 660 481 pars
682 429 836 468 eminus
865 429 1005 479 glande
1027 435 1093 467 aut
1113 429 1303 479 lapidibus
1324 439 1508 480 pugnare,

104 487 167 526 alii
196 488 399 526 succedere
430 498 472 524 ac
500 498 657 524 murum
680 486 796 524 modo
827 485 1023 524 suffodere
1059 485 1178 523 modo
1204 486 1314 524 scalis
1343 484 1508 535 aggredi,

105 557 247 595 cupere
268 542 459 594 proelium
479 542 520 580 in
542 542 723 581 manibus
746 542 885 580 facere.
927 541 1069 580 Contra
1090 553 1133 580 ea
1156 541 1338 592 oppidani
1355 541 1395 578 in
1413 549 1515 591 pro-‘
1532 549 1550 580 5

102 613 241 638 xumos
264 611 353 637 saxa
374 599 540 641 volvere,
563 598 682 645 sudis,
701 598 788 649 pila,
805 603 1007 648 praeterea
1024 598 1147 648 picem
1166 598 1351 648 sulphure
1368 603 1405 635 et
1421 603 1505 635 tae-

104 657 151 695 da
181 655 340 693 mixtam
372 654 524 693 ardenti
554 655 721 693 mittere.
774 654 851 692 Sed
880 666 930 692 ne
959 654 1043 692 illos
1066 654 1245 705 quidem,
1275 654 1342 705 qui
1371 653 1506 704 procul

102 716 342 755 manserant,
370 713 487 749 timor
514 711 633 749 animi
661 711 755 749 satis
782 711 1015 756 muniverat;
1045 723 1133 749 nam
1157 710 1364 761 plerosque
1384 710 1506 748 iacula

102 767 309 806 tormentis
331 772 398 805 aut
427 779 543 806 manu
571 767 711 805 emissa
738 767 1010 811 volnerabant,
1040 767 1200 817 parique
1226 766 1399 818 periculo
1435 766 1505 804 sed

102 824 202 862 fama
223 823 351 874 inpari
371 823 465 862 boni
485 829 601 874 atque
623 822 750 874 ignavi
770 828 890 862 erant.
923 823 1022 861 Dum
1045 824 1146 874 apud
1167 823 1322 862 Zamam
1345 823 1400 861 sic
1421 834 1505 860 cer·
1525 826 1580 861 58

102 885 225 925 tatur,
255 880 441 930 Iugurtha
469 893 515 918 ex
546 880 743 931 inproviso
773 884 900 918 castra
921 879 1093 917 hostium
1116 892 1204 918 cuni
1228 891 1365 929 magna
1388 891 1507 917 manu

101 936 269 980 invadit3
299 936 474 975 remissis
504 936 570 987 qui
600 936 641 974 in
672 935 864 987 praesidio
896 940 1007 974 erant
1035 941 1073 974 et
1094 935 1224 974 omnia
1246 936 1370 986 magis
1392 947 1508 984 quam

100 993 291 1044 proelium
313 993 625 1043 exspectantibus
648 998 800 1043 portam
821 992 1023 1042 inrumpit.
1064 992 1111 1030 At
1133 991 1277 1038 nostri,
1299 991 1505 1042 repentino
1531 998 1551 1029 2

100 1054 209 1088 metu
230 1049 416 1100 perculsi,
446 1048 518 1087 sibi
540 1049 707 1100 quisque
727 1061 798 1100 pro
821 1048 995 1087 moribus
1017 1049 1246 1094 consulunt3
1276 1048 1338 1086 alii
1359 1050 1504 1098 fugere,

102 1105 165 1144 alii
193 1117 298 1144 arma
328 1117 485 1156 capere,
514 1118 653 1156 magna
681 1117 768 1156 pars
791 1105 979 1143 volnerati
1001 1111 1068 1143 aut
1089 1104 1215 1143 occisi.
1256 1104 1438 1143 Ceterum
1460 1116 1506 1142 ex
1531 1111 1551 1143 3

101 1161 210 1199 omni
230 1161 480 1200 multitudine
502 1173 582 1200 non
611 1161 776 1212 amplius
805 1161 1079 1212 quadraginta,
1108 1173 1303 1199 memores
1331 1160 1503 1199 nominis

99 1217 286 1262 Romani,
316 1230 430 1268 grege
461 1218 559 1256 facto
589 1217 717 1256 locum
747 1230 884 1268 cepere
911 1218 1025 1268 paulo
1055 1230 1172 1268 quam
1201 1217 1262 1255 alii
1286 1217 1502 1261 editiorem,

100 1286 228 1324 neque
250 1274 340 1312 inde
362 1286 541 1312 maxuma
563 1274 597 1311 vi
619 1274 758 1325 depelli
780 1274 1002 1325 quiverunt,
1023 1275 1089 1312 sed
1111 1274 1187 1312 tela
1210 1274 1362 1312 eminus
1384 1273 1504 1311 missa

98 1330 318 1372 remittere,
346 1329 458 1380 pauci
485 1330 526 1368 in
546 1330 721 1380 pluribus
742 1331 872 1369 minus
894 1330 1086 1369 frustrati:
1116 1330 1177 1368 sin
1199 1330 1388 1368 Numidae
1410 1342 1503 1380 pro-

837 1464 1031 1496 holzstiicke
1064 1464 1272 1505 angeziindet
1311 1464 1377 1494 und
1410 1463 1502 1494 diese

144 1457 207 1496 57.
242 1463 271 1494 2.
299 1466 416 1494 cuncta
438 1465 587 1495 moem'a:
609 1464 689 1505 „die
706 1474 764 1505 ge-

836 1509 947 1541 Masse
975 1508 1035 1541 auf
1056 1510 1110 1541 die
1130 1508 1374 1549 Angreifenden
1400 1507 1502 1539 herab

99 1514 236 1541 sammte
250 1508 479 1549 Umwallung“
495 1509 546 1540 als
565 1509 619 1540 ein
635 1508 764 1541 Gauzes

100 1564 310 1595 genommen3
331 1553 397 1594 vgl.
415 1555 525 1585 cuncti
539 1555 593 1594 55,
611 1555 639 1585 7.

145 1599 175 1630 3.
204 1609 323 1640 neque.-
340 1609 380 1629 zu
399 1599 450 1637 20,
469 1599 498 1630 6.

144 1645 174 1676 4.
188 1643 331 1685 glande:
344 1643 606 1684 ,‚Bleikugeln“;
620 1644 679 1675 der
688 1644 763 1676 Sin-

98 1689 166 1730 gul.
192 1699 254 1720 zur
273 1689 500 1728 ssezeichnung
526 1688 585 1720 der
602 1687 763 1730 Gattung‚

99 1734 164 1765 wie
183 1745 212 1764 u.
231 1743 259 1765 a.
282 1733 333 1774 17,
352 1735 381 1764 5.

139 1777 238 1822 prael.
272 1780 307 1810 in
338 1779 497 1809 manibus
519 1780 658 1821 facere.-
697 1779 764 1819 „im

97 1823 348 1864 Handgemenge
358 1834 398 1854 zu
409 1823 583 1866 k'zimpfen“
597 1839 611 1849 =
624 1834 728 1856 comm
734 1826 763 1854 i-

97 1880 161 1901 nus
185 1878 352 1910 pugnare.
401 1866 493 1900 Ganz
522 1870 763 1911 entsprechend

98 1914 144 1946 ist
167 1913 210 1945 iin
231 1912 465 1946 Grieehischen
489 1912 526 1946 ἐν
542 1918 656 1959 χερσί,
681 1926 708 1946 Ζ.
731 1916 762 1946 Β.

98 1958 285 2000 ΑΓι·.”ΕΧῙ).
314 1959 410 1990 Alex.
440 1959 468 1997 2,
500 1960 548 2000 10,
576 1957 763 1997 ὀἈλέξαν-

99 2002 184 2046 ὅρος
206 2028 212 2034 .
233 2028 240 2035 .
257 2003 295 2036 ἐν
311 2004 418 2048 χερσὶ
440 2001 502 2043 τὴν
520 2001 644 2046 μάχην
660 2000 763 2046 ποιή-

98 2058 172 2084 σας.

144 2095 173 2125 5.
199 2096 316 2125 contra
332 2104 387 2125 ea:
415 2092 533 2134 Einige
551 2093 763 2127 Schriftstel-

98 2139 149 2170 ler
173 2138 338 2170 brauchen
365 2138 478 2170 diesen
497 2139 684 2179 Ausdruck,
709 2141 762 2173 die

97 2183 253 2225 Praepos.
279 2184 340 2215 mit
364 2184 467 2215 ihrem
486 2184 600 2224 Casus,
627 2183 681 2216 fiir
703 2186 761 2218 das

98 2228 248 2260 einfache
264 2229 408 2261 Adverb.
427 2231 550 2260 eontra.
584 2229 665 2261 Hier
682 2231 763 2263 aber

97 2274 142 2304 ist
154 2274 305 2305 derselbe
320 2274 412 2305 nicht
425 2274 665 2315 pleonastisch,
683 2287 761 2307 son-

97 2319 179 2350 dern
204 2329 239 2350 es
263 2320 336 2350 sind
359 2324 456 2350 unter
479 2330 519 2350 ea
542 2320 593 2351 die
613 2321 761 2361 Angriffe

98 2364 156 2394 der
172 2363 292 2395 Riimer
309 2375 349 2394 zu
366 2366 555 2396 versteheu.
592 2366 665 2406 Vgl.
686 2377 761 2398 con-

98 2411 152 2440 tra
169 2409 247 2440 haec
266 2409 317 2446 76,
336 2410 365 2440 4.

140 2455 248 2495 picem
267 2458 330 2485 etc.
356 2453 528 2495 Fliissiges
543 2455 631 2487 Pech
647 2456 681 2486 in
697 2456 761 2488 Ge-

96 2496 205 2530 fi‘issen
234 2499 348 2530 wurde
373 2500 476 2532 durch
499 2501 609 2532 hinein
631 2511 762 2541 gewor-

97 2541 172 2575 fene
186 2544 369 2576 brennende
385 2545 563 2577 Schwefel-
576 2547 641 2577 und
656 2544 761 2578 liien-

835 1555 1035 1595 geschiittet.
1083 1555 1159 1594 Vgl.
1183 1556 1277 1586 Caes.
1301 1555 1334 1585 B.
1357 1554 1391 1584 C.
1411 1553 1441 1594 2,
1463 1554 1499 1585 11

836 1609 938 1640 cupas
960 1599 1059 1631 taeda
1081 1610 1120 1631 ac
1138 1601 1212 1642 pice
1226 1599 1380 1640 refertas
1393 1600 1503 1629 ineen-

836 1646 1050 1686 dantemque
1062 1645 1101 1676 de
1119 1654 1217 1676 muro
1247 1646 1281 1675 in
1309 1642 1504 1675 musculum

836 1690 1022 1723 devolvunt.
1048 1708 1092 1712 —
1122 1689 1182 1721 Die
1214 1689 1390 1721 handschr.
1420 1688 1501 1720 Les—

836 1741 931 1768 arten
945 1736 1020 1767 sind
1032 1735 1257 1766 hieriiberaus
1268 1733 1501 1765 schwankend.

881 1819 945 1858 58.
974 1827 1001 1858 1.
1028 1826 1197 1856 remissis:
1219 1839 1233 1850 =
1250 1834 1377 1867 parum
1393 1825 1503 1854 inten-

836 1872 896 1911 tis-3
915 1871 982 1912 vgl.
1002 1871 1055 1910 53,
1075 1872 1112 1910 ὃς
1131 1869 1183 1909 SS,
1204 1869 1235 1901 2.

880 1917 1062 1958 inrumpit:
1085 1915 1147 1946 mit
1171 1916 1242 1946 dem
1264 1913 1397 1945 blossen
1420 1912 1500 1945 Acc.

836 1972 898 1992 nur
914 1962 997 2002 hier,
1020 1960 1135 1992 ausser
1153 1960 1206 1999 25,
1224 1961 1253 1996 9,
1278 1969 1328 1990 wo
1347 1959 1406 1990 der
1422 1958 1499 1990 Acc.

837 2008 894 2038 des
905 2007 1135 2038 Stadtnamens
1149 2006 1276 2037 Cirtam
1290 2004 1386 2035 dabei
1402 2004 1503 2035 steht,

881 2052 911 2083 3.
937 2062 1039 2092 quam
1055 2051 1132 2082 alii.-
1156 2062 1196 2081 zu
1215 2051 1379 2089 ergiinzeu
1398 2049 1501 2080 durch

834 2100 993 2139 ceperant
1020 2111 1042 2122 =
1070 2096 1238 2134 tenebant,
1259 2095 1321 2126 aliz·
1338 2095 1381 2125 im
1399 2094 1500 2125 Sinna

835 2152 899 2172 von
919 2143 1028 2173 ceteri.
1052 2141 1113 2173 Die
1129 2141 1346 2179 Restimuiung
1363 2139 1410 2170 ist
1426 2138 1503 2169 hin-

835 2186 1003 2226 zugefiigt,
1027 2187 1104 2217 weil
1121 2186 1211 2218 loeus
1229 2185 1346 2216 editior
1365 2184 1427 2224 (od.
1445 2194 1501 2214 sa-

831 2234 967 2273 perz'or)
990 2230 1044 2262 fiir
1067 2231 1140 2263 sich
1163 2231 1263 2263 allein
1290 2233 1383 2261 sonst
1401 2228 1499 2270 „eine

833 2277 993 2308 Αῃὴὸὶηιιι
1018 2277 1200 2318 iiberhaupt
1219 2276 1383 2307 bedeutet.

869 2323 1056 2365 frustrati:
1076 2321 1273 2363 passivisch.
1296 2320 1369 2351 lhre
1379 2317 1499 2351 Wiirfe

834 2367 952 2408 gingen
977 2367 1027 2398 bei
1055 2367 1114 2398 der
1136 2365 1270 2407 grossen
1294 2366 1376 2397 Zahl
1406 2365 1502 2396 ihrer

835 2412 966 2452 Gegner
981 2412 1071 2443 nicht
1085 2422 1120 2442 so
1135 2412 1236 2443 leicht
1250 2410 1325 2450 fehl,
1342 2412 1391 2442 als
1401 2419 1496 2441 wenn

834 2459 934 2489 deren
952 2458 1100 2497 weuiger
1118 2467 1271 2497 gewesen
1290 2457 1414 2488 w'a'ren.

878 2504 931 2533 sin
950 2527 956 2533 .
976 2527 981 2532 .
1002 2504 1234 2534 accessissent:
1260 2501 1319 2532 Die
1337 2501 1498 2544 hypothe-

834 2547 942 2579 tische
960 2546 1111 2588 Fassung
1128 2548 1184 2579 des
1203 2547 1407 2585 Ausdrucks‚
1432 2545 1497 2576 und
