1720 2875
477 147 534 179 DE
559 147 669 181 CONI.
695 146 832 180 CATIL.
860 147 952 179 CAP.
977 147 1120 179 51—52.
1446 150 1495 187 77

95 251 222 298 voltis,
244 250 553 302 expergiscimini
573 250 778 300 aliquando
800 254 838 287 et
860 249 1048 299 capessite
1067 261 1150 288 rem
1172 249 1377 300 publicam.
1409 249 1495 288 Non
1522 256 1543 286 6

96 307 220 358 agitur
255 308 301 345 de
337 307 582 357 vectigalibus
617 317 744 356 neque
766 306 813 344 de
835 305 1027 344 sociorum
1065 305 1217 344 iniuriis
1235 318 1243 343 :
1279 306 1435 344 libertas
1459 312 1498 344 et

96 364 225 402 anima
248 369 379 403 nostra
400 364 440 402 in
462 363 578 401 dubio
600 367 669 400 est.
730 361 851 412 Saepe
888 373 1072 406 numero,
1110 368 1238 412 patres
1274 362 1496 413 conscripti,

95 421 217 458 multa
239 420 354 458 verba
374 420 416 458 in
436 420 510 457 hoc
527 418 662 456 ordine
682 418 776 464 feci3
817 431 931 468 saepe
967 418 1012 456 de
1035 418 1183 456 luxuria
1205 425 1321 469 atque
1341 418 1498 458 avaritia

95 482 320 515 nostrorum
344 476 480 514 civium
501 480 662 524 questus
685 487 784 519 sum,
808 477 1028 524 multosque
1044 474 1219 512 mortalis
1235 487 1277 513 ea
1295 487 1407 514 causa
1429 475 1499 514 ad-

96 545 231 571 vorsos
252 532 396 570 habeo:
420 531 484 583 qui
506 531 598 568 mibi
622 537 736 582 atque
756 530 885 570 animo
899 543 985 569 meo
999 531 1142 569 nuliius
1162 543 1348 581 umquam
1370 531 1498 570 delicti

96 588 256 639 gratiam
278 588 470 632 fecissem,
492 587 591 626 haud
615 588 724 625 facile
747 587 903 626 alterius
925 586 1088 626 lubidini
1111 587 1209 625 male
1231 588 1328 626 faeta
1351 589 1498 627 condo-

96 644 248 683 naham.
281 644 357 682 Sed
379 656 421 682 ea
443 643 597 682 tametsi
620 656 685 681 vos
708 644 814 694 parvi
836 644 1075 694 pendebatis,
1111 650 1242 682 tamen
1263 656 1326 682 res
1348 644 1502 695 publica

95 701 206 739 firma
227 706 326 739 erat:
352 700 546 751 opulentia
569 700 853 751 neglegentiam
876 700 1076 739 tolerabat.
1115 700 1226 739 Nunc
1247 713 1337 740 vero
1359 712 1437 739 non
1458 700 1498 738 id

96 757 231 808 agitur,
268 756 434 795 bonisne
456 768 504 795 an
527 757 638 794 malis
661 757 834 795 moribus
857 757 1044 801 vivamus,
1080 768 1206 807 neque
1224 763 1413 808 quantum
1436 763 1503 796 aut

96 826 210 864 quam
235 813 482 863 magnificum
502 813 709 863 imperium
729 813 859 864 populi
877 813 1041 851 Romani
1063 813 1125 858 sit,
1158 814 1224 852 sed
1247 815 1353 860 haec,
1371 814 1501 852 cuius-

96 882 262 920 cumque
284 869 386 908 modi
410 870 607 913 videntur,
629 876 762 908 nostra
784 882 832 908 an
857 870 1060 908 nobiscum
1082 882 1158 908 una
1182 870 1348 909 bostium
1371 873 1500 909 futura

96 926 185 964 sint.
236 926 307 964 Hic
328 926 422 964 mihi
443 926 647 977 quisquam
672 927 1012 965 mansuetudinem
1037 932 1074 965 et
1099 926 1405 965 misericordiam
1428 939 1500 965 no-

97 982 233 1021 minat.
270 983 348 1021 lam
368 983 519 1033 pridem
537 982 716 1033 equidem
734 994 804 1021 nos
820 995 907 1021 vera
925 983 1107 1021 voeabula
1125 995 1255 1021 rerum
1276 983 1498 1021 amisimus:

96 1039 185 1090 quia
206 1039 307 1077 bona
330 1039 453 1078 aliena
474 1039 603 1090 largiri
619 1039 840 1084 liberalitas,
863 1039 1049 1078 malarum
1067 1052 1199 1078 rerum
1217 1040 1373 1078 audacia
1389 1039 1504 1078 forti-

96 1095 192 1134 tudo
213 1101 383 1142 vocatur,
407 1108 450 1134 eo
471 1108 535 1134 res
558 1095 707 1146 publica
726 1096 763 1133 in
783 1102 957 1135 extremo
975 1096 1046 1135 sita
1063 1103 1132 1134 est.
1172 1096 1259 1134 Sint
1274 1108 1378 1140 sane,
1402 1109 1502 1147 quo-

97 1151 202 1190 niam
222 1153 271 1191 ita
289 1165 330 1191 se
347 1164 477 1191 mores
494 1152 652 1198 habent,
670 1151 846 1191 liberales
863 1166 907 1191 ex
925 1153 1117 1191 sociorum
1136 1153 1316 1197 fortunis,
1335 1153 1414 1191 sint
1432 1153 1501 1191 mi-

97 1208 312 1247 sericordes
329 1209 369 1247 in
386 1208 538 1247 furibus
556 1209 698 1247 aerari:
717 1221 766 1247 ne
781 1209 834 1247 illi
851 1209 1077 1258 sanguinem
1096 1215 1274 1248 nostrum
1292 1210 1504 1260 largiantur

98 1270 155 1311 et,
177 1265 270 1303 dum
293 1265 424 1315 paucis
446 1266 641 1304 sceleratis
662 1271 845 1316 parcunt,
878 1265 1004 1304 bonos
1026 1266 1156 1304 omnis
1178 1266 1375 1316 perditum
1397 1272 1500 1304 eant.

142 1367 323 1406 capessite:
340 1365 407 1405 vgl.
427 1365 483 1396 Or.
503 1364 607 1396 Macr.
627 1365 657 1396 2.

142 1412 174 1443 6.
200 1420 266 1440 non
283 1412 402 1452 agitur
420 1415 482 1441 etc.
509 1411 576 1450 vgl.
605 1409 672 1450 lug.
704 1410 759 1449 31,

97 1456 152 1487 25.
204 1455 267 1486 Ein
308 1456 478 1487 schwerer
510 1455 673 1487 Vorwurf
702 1456 762 1487 der

99 1500 402 1540 Gleichgiiltigkeit
413 1500 464 1532 bei
475 1500 685 1542 praktischen
697 1501 762 1531 und

99 1546 191 1578 nicht
214 1546 275 1577 das
303 1547 417 1585 eigene
447 1545 614 1578 Interesse
642 1546 763 1578 hei-iih-

98 1591 499 1632 rendenGegenstanden.

144 1647 206 1668 soc.
224 1638 376 1668 inim-iis.-
395 1636 461 1676 vgl.
481 1647 522 1681 zu
540 1637 593 1677 51,
616 1637 664 1669 11.

145 1684 174 1714 7.
203 1692 298 1724 saepe
319 1691 459 1714 numero
478 1700 519 1704 --
536 1681 662 1713 multa:
686 1681 762 1714 kein

98 1726 325 1760 pleonasmus.

144 1773 257 1805 verba:
277 1771 421 1804 welches
439 1771 575 1812 lnhalts,
600 1772 688 1804 lehrt
704 1773 762 1804 das

100 1817 209 1859 gleieh
226 1817 405 1858 Folgeude.

145 1875 185 1896 ea
201 1873 321 1895 causa:
339 1873 379 1893 zu
397 1861 462 1902 lug.
485 1863 537 1902 54,
556 1862 586 1893 4.

146 1910 176 1941 8.
217 1910 274 1949 qui
301 1932 308 1939 .
335 1932 343 1940 .
380 1909 596 1948 ..secia-sem.-
630 1908 762 1948 causal3

99 1951 379 1994 Rechtsertigung
416 1947 663 1985 des'u‘aeichsten
697 1952 765 1985 Ge-

104 1999 262 2031 dankens.

146 2046 280 2076 animo:
308 2042 502 2082 Bedeutung
535 2042 601 2074 wie
635 2043 668 2074 in
705 2043 766 2075 den

101 2088 321 2121 Ausdriicken
350 2090 486 2118 animus
514 2087 587 2129 fert
616 2089 690 2126 (58,
721 2090 766 2129 6),

101 2145 156 2166 cm.
188 2133 325 2166 inclinat
360 2144 389 2164 u.
424 2133 508 2173 dgl.:
544 2134 628 2163 auch
660 2135 769 2165 animi

103 2189 216 2212 causa.
277 2177 344 2210 Ihm
376 2177 567 2218 gegeniiber
606 2178 766 2218 lubidini,-

103 2236 140 2257 so
173 2224 391 2264 entspreehen
433 2224 505 2254 sich
544 2224 626 2255 auch
659 2223 769 2255 delicti

103 2271 169 2302 und
191 2270 277 2301 male
290 2269 407 2311 saeta,
425 2269 579 2310 gratiam
607 2269 765 2310 fecissem

105 2316 158 2355 (zu
176 2319 253 2355 gule
270 2315 401 2353 hulten,
430 2316 572 2354 gonnen)
603 2314 667 2344 und
685 2324 767 2346 eon-

104 2359 278 2392 donabam.

151 2406 180 2437 9.
227 2404 413 2446 opulentia:
446 2403 486 2435 ob
518 2404 651 2437 Nomin.
687 2405 767 2436 odei·

104 2450 192 2489 Abi,
226 2449 272 2481 ist
305 2450 435 2481 schwer
465 2461 506 2480 zu
539 2450 765 2482 entscheiden.

105 2496 174 2528 Fiir
191 2495 351 2526 letzteres
369 2495 528 2535 spreehen
547 2494 684 2534 Stelleu,
703 2496 768 2526 wie

106 2541 162 2582 24,
180 2540 218 2579 33
236 2540 290 2579 37,
308 2541 337 2571 Τ.
375 2539 438 2570 Ein
456 2541 670 2571 verwandter
702 2539 767 2572 Ge-

109 2585 214 2618 danke
232 2585 277 2616 ist
293 2584 347 2625 53,
365 2585 394 2615 5.

884 1366 933 1398 10.
961 1366 1096 1396 bonisne
1112 1376 1155 1396 (ιη
1183 1365 1301 1397 malis:
1331 1365 1412 1397 Sall.
1443 1375 1499 1405 ge-

833 1410 973 1441 braucht
991 1411 1045 1441 liir
1069 1410 1123 1442 die
1140 1410 1359 1452 Doppelf1·age
1389 1411 1422 1441 in
1441 1411 1501 1442 der

834 1454 937 1495 Regel
967 1456 1137 1487 entweder
1164 1466 1317 1495 7le—an,
1347 1456 1428 1487 oder·
1456 1465 1499 1486 an

835 1501 937 1532 allein
956 1500 987 1531 in
1014 1502 1073 1532 der
1094 1499 1312 1542 Gegeufrage.
1359 1500 1433 1532 Nur
1460 1510 1501 1531 an

836 1547 922 1577 zwei
951 1546 1090 1582 Stellen,
1123 1546 1181 1587 Ep.
1217 1545 1324 1587 Pomp.
1352 1547 1370 1577 3
1391 1557 1418 1577 u.
1438 1545 1500 1588 Ep.

837 1591 951 1623 Mitbr.
976 1592 1024 1629 16,
1054 1591 1177 1623 komint
1204 1593 1406 1623 utrum—au
1425 1601 1498 1623 vor.

868 1637 966 1668 lzaec:
977 1637 1058 1668 eben
1073 1647 1109 1668 so
1124 1636 1183 1668 auf
1192 1637 1276 1668 anes
1291 1637 1323 1668 iu
1338 1637 1410 1668 dem
1426 1646 1502 1667 vor-

834 1682 1065 1723 hergeheuden
1109 1682 1379 1723 siugularischen
1413 1682 1500 1712 Aus-

836 1728 941 1759 druck
963 1726 1310 1768 Zusainmengefasste
1333 1738 1375 1757 zu
1392 1726 1502 1758 bezie-

833 1773 909 1814 hen,
927 1773 991 1804 wie
1009 1775 1063 1812 51,
1081 1775 1122 1803 42
1140 1783 1188 1804 ea.
1208 1791 1243 1794 —
1268 1772 1352 1804 Dass
1370 1771 1446 1803 dort
1461 1782 1502 1803 ea

835 1819 937 1859 steht,
955 1818 1029 1849 hier
1045 1819 1134 1857 llaec,
1153 1819 1199 1849 ist
1215 1828 1257 1848 zu
1275 1817 1446 1849 beaebteu.

879 1882 1002 1923 futura
1033 1883 1119 1912 sint:
1158 1891 1242 1921 ganz
1280 1880 1502 1920 eigentliebes

836 1927 1001 1959 Praesens
1028 1926 1172 1969 periphr.

887 1986 936 2018 11.
958 1986 1153 2026 quisquam:
1170 1984 1236 2016 Dei·
1247 1982 1403 2015 Gedanke
1419 1992 1504 2021 „un-

838 2035 890 2061 ter
916 2031 1027 2061 diesen
1053 2029 1255 2062 Uuist‘zinden
1287 2028 1389 2060 sollte
1420 2027 1503 2058 doch

838 2074 965 2107 Heium*
983 2086 1047 2106 von
1075 2075 1251 2115 Schonung
1282 2074 1345 2104 und
1373 2071 1503 2104 Mitleid

839 2121 962 2151 reden“
981 2121 1027 2152 ist
1045 2121 1074 2151 in
1100 2120 1199 2151 einen
1217 2118 1346 2150 Ausruf
1361 2118 1417 2149 des
1436 2115 1503 2149 Un-

840 2165 973 2196 willens
991 2165 1201 2206 umgesormt.

885 2210 1055 2252 equidem:
1074 2221 1115 2240 zu
1132 2211 1187 2249 51,
1207 2210 1257 2242 15.

883 2265 961 2287 vera
1001 2256 1110 2287 vocab.
1149 2265 1264 2287 rerum
1278 2266 1288 2285 .-

840 2299 943 2332 Macr.
973 2301 1022 2333 13.

888 2357 938 2391 12.
965 2356 1113 2389 liberales
1131 2382 1138 2389 .
1157 2382 1164 2389 .
1183 2381 1190 2388 .
1208 2356 1347 2398 furibus
1367 2356 1503 2387 aerari.-

840 2403 910 2434 Zur
928 2403 1157 2443 Erl'ziuterung
1174 2403 1227 2441 20,
1245 2402 1282 2439 7;
1314 2401 1379 2440 lug.
1399 2402 1451 2438 31,
1482 2400 1501 2431 9

840 2448 1053 2535 un2e3c3i'l11m
1068 2495 1165 2524 eant.-
1194 2491 1376 2532 cigentlich
1406 2490 1505 2532 „dar-

841 2540 898 2570 auf
912 2539 1091 2578 ausgehen,
1110 2537 1335 2578 hinarbeiten,
1353 2547 1394 2567 zu
1426 2545 1505 2567 ver-

841 2583 987 2615 de1·ben“
1005 2584 1035 2615 d.
1055 2584 1076 2615 i.
1095 2589 1223 2623 „etwas
1239 2584 1331 2623 thun,
1348 2581 1507 2613 wodureh

1335 2252 1404 2293 vgl.
1445 2251 1503 2284 Or.

1524 369 1541 378 ,-

1529 382 1536 399 Δ

1526 539 1545 570 8

1526 654 1545 684 9

1528 708 1570 738 10
