1720 2875
139 158 217 198 100
623 153 657 185 C.
684 151 894 186 SALLUSTI
918 150 1054 186 CRISPI

120 258 284 305 laribus,
314 257 420 309 quod
442 261 525 295 erat
545 255 730 306 Iugurtha
752 266 871 293 manu
892 258 1102 306 promptus
1131 257 1170 292 et
1191 253 1378 305 adpetens
1399 254 1542 306 gloriae

125 314 322 360 militaris,
361 311 496 351 statuit
525 323 616 350 eum
647 311 842 350 obiectare
864 311 1046 363 periculis
1074 315 1113 349 et
1135 323 1181 348 eo
1204 309 1321 348 modo
1343 312 1541 350 fortunam

80 378 99 409 2
123 377 332 422 temptare.
367 368 489 419 Igitur
510 367 612 407 bello
634 367 876 406 Numantino
900 367 1062 418 Micipsa
1086 379 1174 405 cum
1198 367 1343 417 populo
1368 367 1543 406 Romano

124 427 303 479 equitum
327 430 444 476 atque
466 424 643 475 peditum
667 424 804 463 auxilia
827 423 1013 469 mitteret,
1036 435 1200 474 sperans
1225 422 1282 461 vel
1305 423 1543 462 ostentando

120 484 308 522 virtutem
323 481 380 520 vel
397 481 568 519 hostium
587 480 743 519 saevitia
761 479 874 519 facile
892 491 982 518 eum
1006 491 1249 524 occasurum,
1266 478 1451 529 praefecit
1463 478 1546 518 Nu-

81 544 100 576 3
126 538 263 584 midis,
295 549 394 589 quos
425 537 466 576 in
489 536 714 587 Hispaniam
745 535 936 574 mittebat.
983 535 1060 574 Sed
1082 548 1125 574 ea
1148 547 1212 574 res
1232 535 1348 585 longe
1371 535 1481 574 aliter
1503 547 1547 574 ac

81 600 101 632 4
127 601 236 634 ratus
258 600 341 633 erat
362 593 503 633 evenit.
557 592 655 630 Nam
677 592 880 643 Iugurtha,
903 597 946 630 ut
967 597 1049 630 erat
1068 591 1221 642 inpigro
1245 598 1362 643 atque
1384 591 1462 630 acri
1483 591 1544 630 in-

127 651 264 703 genio,
303 650 370 690 ubi
406 655 590 688 naturam
621 648 663 687 P.
686 648 901 699 Scipionis,
932 647 998 698 qui
1020 653 1104 686 turn
1126 647 1311 686 Romanis
1334 648 1547 699 imperator

122 713 218 753 erat,
240 711 279 745 et
300 718 453 745 morem
475 705 651 744 hostium
684 704 874 756 cognovit,
908 704 1032 742 multo
1055 703 1187 742 labore
1209 707 1409 755 multaque
1440 715 1545 746 cura,

124 767 329 816 praeterea
347 761 650 801 modestissume
666 761 843 812 parendo
861 766 899 799 et
915 772 1030 811 saepe
1047 760 1202 798 obviam
1223 760 1351 799 eundo
1366 759 1546 812 periculis

126 821 166 859 in
187 824 337 858 tantam
361 818 636 858 claritudinem
658 817 767 855 brevi
789 822 1036 868 pervenerat,
1057 822 1101 855 ut
1122 817 1266 855 nostris
1291 817 1547 855 vehementer

85 887 104 917 5
131 888 257 921 caruS‚
280 874 531 914 Numantinis
555 886 739 913 maxumo
764 873 901 912 terrori
919 879 1035 912 esset.
1073 872 1125 911 Ac
1141 884 1249 917 sane,
1272 873 1375 924 quod
1394 872 1548 912 diflicil-

130 933 282 972 lumum
304 932 343 971 in
367 931 504 983 primis
526 936 600 975 est,
621 935 660 968 et
683 930 832 981 proelio
856 934 1042 968 strenuus
1060 934 1141 967 erat
1160 935 1198 967 et
1214 929 1343 967 honus
1362 929 1544 968 consilio:

128 1001 298 1041 quorum
323 988 490 1026 alterum
512 999 558 1025 ex
575 986 817 1038 providentia
837 986 1036 1030 timorem,
1059 986 1222 1024 alterum
1244 998 1288 1023 ex
1306 985 1466 1024 audacia
1487 990 1546 1024 te-

86 1055 105 1087 6
133 1045 356 1084 mei-itatem
378 1044 532 1083 adferre
554 1044 786 1095 plerumque
807 1042 920 1081 solet.
954 1042 1074 1092 igitur
1090 1042 1302 1092 imperator
1319 1041 1448 1080 omnis
1465 1044 1546 1081 fere

133 1113 196 1141 res
217 1113 374 1152 asperas
390 1112 460 1152 per
476 1100 704 1151 Iugurtham
723 1111 847 1150 agere,
869 1099 910 1136 in
926 1098 1061 1136 amicis
1077 1097 1239 1143 habere,
1264 1097 1384 1149 magis
1405 1098 1548 1149 magis-

128 1170 206 1209 que
228 1170 318 1196 eum
340 1157 381 1195 in
404 1157 486 1195 dies
509 1156 711 1207 amplecti,
734 1155 880 1206 quippe
902 1154 1012 1193 cuius
1036 1166 1165 1205 neque
1187 1154 1397 1193 consilium
1421 1165 1548 1206 neque

81 1221 99 1252 7
127 1215 328 1265 inceptum
351 1213 472 1251 ullum
492 1215 638 1251 frustra
661 1217 753 1251 erat.
800 1211 885 1249 Huc
906 1210 1113 1250 accedebat
1135 1210 1403 1249 munificentia
1425 1209 1548 1249 animi

126 1276 165 1309 et
183 1269 317 1320 ingeni
334 1268 516 1311 sollertia,
539 1267 684 1319 quibus
701 1267 820 1306 rebus
838 1267 913 1306 sibi
934 1267 1080 1306 multos
1095 1279 1141 1305 ex
1157 1267 1346 1306 Romanis
1365 1266 1548 1305 familiari

79 1343 105 1378 8
127 1326 294 1366 amicitia
327 1325 595 1364 coniunxerat.
647 1324 699 1363 Ea
726 1329 959 1374 tempestate
996 1324 1036 1362 in
1067 1323 1239 1362 exercitu
1271 1329 1408 1362 nostro
1439 1323 1549 1362 fuere

128 1382 348 1433 complures
371 1381 463 1420 novi
485 1387 603 1432 atque
625 1381 800 1426 nobiles,
830 1380 973 1431 quibus
996 1379 1150 1418 divitiae
1171 1379 1276 1417 bono
1299 1380 1547 1430 honestoque

131 1439 308 1491 potiores
329 1443 453 1483 erant,
482 1436 633 1476 factiosi
655 1437 778 1483 domi,
811 1442 992 1488 potentes
1014 1435 1116 1487 apud
1139 1435 1283 1481 socios,
1312 1435 1403 1474 clari
1426 1435 1548 1486 magis

162 1511 200 1550 ’7.
230 1516 262 1548 2.
297 1515 376 1548 bello
397 1514 625 1548 Numantino:
644 1514 799 1547 Mehrere

118 1561 366 1594 Celtiberische
386 1561 634 1593 Volksst‘amme
653 1560 798 1592 erhoben

116 1607 188 1639 sich
207 1608 269 1638 (511
292 1606 398 1647 (143),
416 1606 522 1637 durch
540 1605 720 1637 Viriathus
739 1615 800 1636 an-

118 1652 267 1692 gereizt,
308 1661 414 1692 gegen
447 1651 502 1682 die
537 1650 667 1682 Ro'mer.
732 1650 800 1682 Der

118 1697 300 1739 Hauptsitz
314 1697 372 1728 des
389 1694 532 1737 Krieges
548 1706 619 1727 war
634 1696 689 1727 die
703 1695 800 1727 stadt

118 1741 314 1781 Numantia,
329 1742 372 1773 im
389 1740 502 1773 Laude
516 1742 576 1772 der
590 1741 801 1773 Pelendoner

119 1797 170 1819 am
185 1786 310 1818 oberen
325 1786 451 1817 Durius
466 1786 502 1826 (j.
520 1786 654 1825 Duero),
671 1785 799 1817 welche

120 1832 183 1864 621
204 1832 297 1871 (13³)
317 1832 400 1862 nach
419 1830 800 1862 funfzehnmonatlicher

119 1876 333 1917 Belagerung
351 1887 415 1907 von
439 1875 512 1907 dem
534 1875 701 1916 jiingeren
727 1874 800 1906 Sci-

119 1921 172 1964 pio
208 1922 345 1953 erobert
377 1921 442 1952 und
477 1922 627 1952 zei-stiirt
673 1920 798 1951 wurde.

120 1966 295 1999 W'ahreud
336 1967 448 1998 dieser
481 1966 692 2006 Belagerung
725 1965 800 1997 kam

118 2011 283 2052 Jugurthu
304 2011 336 2043 in
355 2011 414 2043 das
435 2011 521 2042 lieer
543 2010 600 2042 des
618 2010 746 2053 Scipio.

166 2057 196 2088 4.
224 2055 407 2088 Romanis:
434 2055 500 2087 Der
518 2055 619 2087 Dativ
644 2066 708 2086 von
727 2056 800 2087 dem

120 2102 357 2134 verbundeuen
397 2103 585 2143 imperator
625 2103 702 2132 erat
743 2100 799 2132 ab-

119 2146 256 2187 hiingig.

162 2191 298 2223 modest.
315 2189 483 2234 parendo.-
518 2190 637 2223 Dieser
662 2190 728 2222 und
745 2190 799 2222 die

117 2237 258 2276 iibrigen
279 2236 372 2277 Ziige
398 2246 458 2267 aus
482 2236 669 2277 Jugurthas
689 2235 799 2267 Hand-

117 2282 326 2322 lungsweise
355 2291 470 2313 waren
500 2291 584 2321 ganz
616 2281 698 2313 nach
727 2281 800 2313 Sci-

117 2326 192 2368 pios
219 2327 301 2358 Siun
314 2351 322 2367 ,
352 2327 471 2358 dessen
502 2326 646 2367 Sti-enge
677 2326 708 2357 iu
739 2325 800 2357 der

117 2371 286 2413 Disciplin
302 2372 425 2410 gerade
440 2371 492 2403 bei
507 2372 620 2404 dieser·
634 2370 799 2412 Geli-gen-

117 2417 189 2448 heit
207 2427 272 2448 von
292 2415 411 2448 Livius
431 2416 528 2457 (nac-h
542 2416 632 2457 Epit.
647 2415 723 2448 libr.
742 2415 797 2455 57)

119 2460 305 2494 besonders
324 2461 477 2493 erwiihnt
497 2462 592 2493 wird.

165 2507 195 2538 5.
221 2505 483 2547 dijficillumum
498 2509 679 2548 inprimis:
699 2510 798 2538 uuter

119 2551 181 2582 den
201 2551 461 2591 schwierigsten
478 2552 607 2592 Diogen
635 2552 719 2584 noch
744 2552 798 2583 be-

118 2596 259 2628 sonders
277 2596 468 2637 schwierig.
504 2594 604 2629 Kritz
623 2596 799 2628 iibersetzt

873 1525 908 1546 es
926 1514 1025 1554 „eine
1043 1514 1162 1546 hochst
1179 1513 1380 1553 schwierige
1397 1511 1548 1554 Aufgabe

873 1564 983 1591 erster
1009 1558 1153 1591 Grb'fse“
1176 1559 1240 1590 und
1268 1558 1457 1599 vei-gleicht
1481 1557 1548 1590 Cic.

873 1605 907 1635 in
926 1604 1026 1636 Verr.
1046 1604 1076 1644 3,
1098 1603 1152 1644 27,
1170 1604 1212 1636 65
1232 1605 1363 1634 lzomz'm‘
1377 1605 1412 1635 in
1423 1605 1550 1646 primis

874 1650 1117 1692 inprobissimo.
1151 1667 1193 1671 —
1227 1648 1293 1680 Der
1335 1647 1450 1680 Grund
1489 1648 1550 1680 der

874 1694 1136 1735 Schuierigkeit
1167 1693 1250 1734 liegt
1289 1694 1332 1725 im
1372 1692 1548 1735 folgenden

874 1749 1016 1781 quoru-m
1032 1739 1182 1771 alterum
1199 1764 1206 1770 .
1225 1763 1232 1770 .
1252 1738 1342 1770 solet.

919 1795 1063 1826 qaorum
1088 1784 1233 1816 alterum
1265 1788 1328 1815 etc.
1364 1782 1493 1824 SVegen
1518 1784 1549 1815 d.

877 1829 1051 1861 Chiasinus
1067 1840 1107 1860 zu
1126 1828 1197 1860 Cat.
1217 1829 1248 1868 3,
1268 1829 1297 1860 3.

917 1874 1077 1906 audacia.-
1095 1874 1168 1905 hier
1185 1874 1226 1905 im
1245 1878 1347 1914 guten
1392 1873 1457 1905 inu.

919 1913 959 1951 8.
997 1922 1023 1953 l.
1058 1921 1152 1950 novi:
1186 1920 1270 1951 ohne
1294 1919 1445 1950 hommes
1465 1918 1550 1950 auch

874 1965 927 2004 63,
948 1966 985 2001 ῖς
1005 1966 1060 2005 65,
1079 1966 1108 1996 5.

917 2010 1057 2051 factiosi
1072 2014 1136 2041 etc.
1177 2008 1243 2040 Das
1266 2007 1348 2040 Feld
1372 2008 1432 2040 der
1447 2008 1551 2050 facti-

873 2065 950 2087 ones
974 2057 1000 2095 (i
1011 2055 1055 2095 gl.
1076 2054 1332 2095 hauptsiichlich
1351 2055 1404 2092 31,
1427 2054 1466 2086 14
1485 2053 1550 2085 und

877 2102 927 2138 15,
948 2101 1011 2131 und
1030 2110 1071 2131 zu
1086 2100 1138 2132 41.
1155 2102 1187 2137 6)
1207 2109 1280 2130 war
1293 2098 1455 2130 zuuiichst
1469 2097 1550 2130 Rom

873 2145 992 2185 selbst,
1025 2145 1097 2176 ihre
1116 2143 1227 2176 Macht
1256 2143 1337 2176 aber
1367 2144 1467 2174 iibten
1497 2143 1549 2175 die

873 2191 1078 2222 vornehmcn
1091 2189 1212 2222 Romer
1228 2188 1425 2229 vorziiglich
1439 2188 1472 2219 in
1487 2188 1549 2220 den

874 2234 1063 2267 l'rovinzen
1081 2245 1153 2274 aus,
1170 2234 1225 2266 die
1245 2233 1342 2265 ihnen
1361 2233 1415 2265 die
1436 2232 1550 2265 Mittel

873 2279 995 2312 liefern
1013 2285 1181 2319 mussten,
1215 2289 1255 2310 zu
1286 2278 1396 2310 Hause
1422 2278 1551 2310 wieder

873 2325 1046 2366 glanzvoll
1075 2324 1289 2356 aufzutreteu
1321 2324 1385 2354 und
1426 2324 1456 2354 in
1487 2323 1549 2355 den

873 2370 1142 2411 Parteik'a'mpfen
1155 2374 1260 2401 etwas
1271 2368 1551 2400 durchzusetzen.

872 2415 982 2447 Durch
995 2417 1146 2456 potentes
1164 2414 1208 2445 ist
1232 2414 1304 2444 hier
1323 2413 1478 2453 zugleich
1496 2413 1551 2445 ihr

872 2460 1103 2492 anmassendes
1122 2459 1405 2499 eigeumiichtiges
1425 2457 1548 2490 Beneh-

873 2515 942 2537 men
962 2515 1067 2546 gegen
1095 2505 1148 2536 die
1169 2504 1464 2544 Bundesgeuossen
1492 2502 1550 2534 be-

871 2550 1033 2591 zeichnet,
1052 2559 1212 2591 wogegen
1230 2549 1319 2580 diese
1336 2547 1550 2588 ohnmiichtig

872 2605 1000 2627 waren.
