1720 2875
204 124 282 165 118

689 124 725 158 C.
752 122 960 158 SALLUSTI
985 123 1119 158 CRISPI

202 227 349 265 Romae
371 226 518 265 venalia
541 239 648 271 esse,
669 227 786 266 simul
808 232 846 266 et
867 227 1022 266 illorum
1044 228 1389 279 pollicitationibus
1410 242 1613 281 accensuS,

202 296 302 335 quos
331 283 446 334 paulo
475 287 566 321 ante
595 284 823 323 muneribus
854 285 1091 335 expleverat,
1127 285 1167 322 in
1195 296 1360 334 regnum
1387 287 1614 327 Adherbalis

153 347 172 378 2
199 340 375 378 animum
408 339 591 378 intendit.
642 339 730 391 Ipse
760 352 849 379 acer
877 340 1106 387 bellicosus;
1140 346 1178 379 at
1207 341 1259 387 is,
1296 354 1413 393 quem
1443 344 1612 394 petebat,

199 396 355 447 quietus
376 395 552 441 inbellis,
575 396 723 447 placido
745 397 903 447 ingenio
917 427 926 441 ‚
949 404 1199 448 opportunus
1220 398 1402 445 iniuriae,
1433 405 1613 440 metuens

154 460 173 490 3
201 452 322 502 magis
345 464 462 502 quam
486 453 735 492 metuendus.
768 454 889 503 Igitur
910 466 955 491 ex
976 454 1175 505 inproviso
1199 454 1287 492 linis
1309 455 1392 493 eius
1413 468 1501 494 cum
1526 469 1610 496 ma-

197 519 272 558 gna
293 520 416 547 manu
437 509 598 555 invadit,
621 510 767 548 multos
789 510 964 548 mortalis
985 523 1072 549 cum
1093 523 1233 561 pecore
1248 517 1365 562 atque
1382 512 1453 550 alia
1471 513 1613 563 praeda

197 564 313 615 capit,
336 565 509 604 aedilicia
532 566 717 610 incendit,
739 567 923 617 pleraque
940 567 1023 605 loca
1040 567 1232 606 hostiliter
1248 580 1338 606 eum
1356 568 1532 619 equitatu
1548 581 1615 609 ac-

151 631 171 661 4
196 621 312 667 cedit,
335 622 479 660 deinde
501 635 589 660 cum
613 623 720 660 omni
743 622 995 661 multitudine
1016 623 1057 661 in
1078 635 1243 673 regnum
1267 636 1383 663 suum
1406 626 1610 670 convortit,

197 678 440 716 existumans
469 678 727 717 Adherbalem
757 679 892 718 dolore
920 684 1143 730 permotum
1175 681 1337 719 iniurias
1364 694 1454 720 suas
1491 694 1612 722 manu

149 745 168 775 5
195 734 498 782 vindicaturum,
521 747 685 786 eamque
706 747 790 774 rem
814 735 903 773 belli
924 748 1082 774 causam
1105 736 1201 774 fore.
1243 738 1291 775 At
1311 737 1387 783 ille,
1410 738 1515 789 quod
1537 750 1612 778 ne-

195 803 271 841 que
292 803 334 829 se
355 803 490 842 parem
511 791 630 830 armis
651 792 913 831 existumabat
934 798 973 830 et
993 793 1158 831 amicitia
1182 793 1314 843 populi
1336 793 1502 833 Romani
1527 807 1609 834 ma-

193 847 252 898 gis
273 860 390 899 quam
412 848 592 887 Numidis
611 849 738 887 fretus
765 855 865 893 erat,
896 849 1044 899 legatos
1067 850 1114 888 ad
1137 850 1361 900 Iugurtham
1384 850 1431 889 de
1459 851 1612 891 iniuriis

193 910 375 956 questum
399 904 524 943 misit:
548 905 614 956 qui
638 905 794 944 tametsi
811 906 1096 945 contumeliosa
1114 906 1216 944 dicta
1233 907 1478 952 rettulerant,
1500 907 1610 958 prius

191 968 325 1000 tamen
345 962 476 1000 omnia
493 962 572 1012 pati
591 962 762 1000 decrevit
778 975 896 1013 quam
914 962 1058 1001 bellum
1077 975 1249 1007 sumere
1272 963 1361 1014 quia
1375 969 1610 1014 temptatum

145 1029 165 1060 6
191 1023 304 1056 antea
326 1030 440 1057 secus
462 1024 645 1057 cesserat.
693 1019 827 1081 Neque
850 1031 896 1057 eo
919 1019 1038 1068 magis
1060 1019 1200 1069 cupido
1222 1019 1430 1069 Iugurthae
1454 1021 1609 1060 minue-

146 1086 164 1116 7
192 1074 319 1120 batur,
341 1075 485 1126 quippe
506 1075 570 1126 qui
593 1080 723 1113 totum
745 1076 830 1114 eius
850 1088 1018 1125 regnum
1041 1075 1174 1113 animo
1197 1076 1272 1114 iam
1294 1076 1499 1115 invaserat.
1532 1077 1608 1117 Ita-

191 1143 268 1182 que
289 1142 369 1169 non
392 1131 448 1170 uti
469 1137 582 1170 antea
605 1144 693 1170 cum
723 1132 967 1182 praedatoria
996 1143 1135 1177 manu,
1167 1132 1236 1171 sed
1268 1144 1406 1183 magno
1436 1134 1612 1173 exercitu

191 1193 415 1238 comparato
437 1188 582 1227 bellum
604 1199 740 1237 gerere
762 1188 891 1239 coepit
913 1193 951 1227 et
969 1194 1102 1239 aperte
1119 1188 1240 1227 totius
1258 1188 1491 1228 Numidiae
1482 1202 1611 1241 impe--

144 1254 164 1286 8
189 1244 292 1282 rium
313 1250 461 1295 petere.
495 1244 691 1290 Ceterum,
714 1258 788 1295 qua
813 1245 1015 1295 pergebat,
1038 1245 1146 1283 urbis
1169 1257 1282 1294 agros
1304 1251 1468 1292 vastare,
1491 1259 1609 1298 prae-

125 1307 172 1341 21
194 1301 262 1339 ilas
282 1312 409 1351 agere,
431 1300 512 1339 suis
532 1301 706 1339 animum
731 1301 910 1340 hostibus
931 1307 1123 1341 terrorem
1145 1313 1300 1352 augere.
1333 1302 1523 1342 Adherbal
1541 1301 1608 1341 ubi

189 1357 380 1407 intellegit
402 1369 448 1396 eo
469 1370 714 1409 processum,
735 1358 792 1396 uti
813 1370 980 1408 regnum
1001 1363 1068 1397 aut
1088 1358 1395 1409 relinquendum
1417 1365 1524 1398 esset
1540 1366 1608 1398 aut

189 1414 308 1452 armis
329 1414 602 1460 retinendum,
631 1415 853 1453 necessario
875 1415 1003 1466 copias
1032 1420 1142 1466 parat
1171 1422 1205 1454 et
1230 1415 1437 1466 Iugurthae
1469 1415 1607 1455 obvius

143 1482 163 1513 2
188 1471 379 1522 procedit.
433 1470 597 1510 Interim
625 1471 730 1510 haud
758 1471 872 1523 longe
903 1485 922 1510 a
952 1472 1050 1510 mari
1086 1484 1207 1522 prope
1237 1472 1384 1510 Cirtam
1419 1472 1608 1523 oppidum

192 1527 400 1578 utriusque
421 1528 615 1567 exercitus
633 1528 821 1566 consedit.
852 1528 911 1573 Et,
934 1529 1023 1579 quia
1041 1528 1115 1566 diei
1133 1533 1353 1567 extremum
1371 1535 1467 1573 erat,
1489 1540 1608 1580 proe-

191 1583 288 1623 lium
309 1596 390 1623 non
412 1583 634 1635 inceptum:
671 1585 740 1623 sed
775 1585 841 1623 ubi
874 1585 1107 1636 plerumque
1135 1585 1260 1624 noctis
1290 1585 1498 1636 processit,
1532 1585 1607 1624 ob-

238 1669 306 1706 20.
333 1674 362 1706 2.
383 1684 477 1707 acer:
504 1676 695 1717 gegeniiher
712 1677 864 1718 quietus;

194 1720 260 1760 vgl.
277 1721 308 1761 7,
326 1721 357 1752 4.

238 1765 269 1797 3.
293 1766 452 1807 pleraque
468 1765 560 1798 loca.

195 1811 244 1850 18,
267 1811 296 1842 9.

236 1856 268 1887 4.
295 1856 655 1895 com-orlit.·1·essexiv3
689 1856 757 1897 vgl.
793 1855 861 1895 lug.

195 1901 270 1940 101,
287 1903 324 1941 Η,
351 1902 433 1933 eben
452 1912 501 1942 so,
519 1902 601 1933 aber
617 1901 678 1933 mit
694 1902 768 1933 aud.
803 1901 863 1933 Be-

193 1947 341 1987 ‹leutung
359 1947 430 1978 Cat.
451 1946 505 1987 52,
525 1947 578 1978 27.

236 2001 335 2023 suas:
360 1991 420 2024 auf
434 1991 605 2024 Adherbal
622 2003 663 2023 zu
682 1992 861 2031 beziehen3

192 2036 266 2068 Cat.
288 2038 341 2077 51,
362 2038 413 2070 11.

238 2082 269 2114 5.
294 2081 382 2124 quod
403 2093 508 2124 neque
534 2107 541 2113 .
568 2107 600 2114 ..
625 2083 742 2124 fretus
769 2084 862 2114 erat:

195 2126 259 2159 Der
278 2125 393 2159 Grund
413 2128 468 2169 lag
484 2127 517 2159 in
536 2128 595 2159 der
604 2128 667 2159 Art
685 2129 745 2159 ‹ler
761 2127 862 2160 Thei-

191 2172 272 2214 lung
289 2174 356 2212 (16,
376 2174 421 2213 5),
451 2174 516 2204 und
551 2173 706 2213 zugleich
733 2173 862 2205 mochte

191 2218 261 2249 sich
295 2219 353 2250 das
390 2219 440 2258 13,
471 2220 482 2250 1
522 2217 684 2250 Erzahlte
717 2218 862 2250 wieder-

191 2262 300 2295 holen.

236 2308 353 2340 bellum
371 2319 525 2341 sumere:
559 2308 614 2349 62,
633 2309 670 2349 93
689 2308 742 2350 83,
764 2309 791 2348 1,
808 2318 860 2340 wo

191 2352 259 2384 bell.
278 2355 427 2386 sumitur
443 2355 516 2387 dem
533 2353 656 2386 desinit
661 2333 862 2395 gegeni'iber

192 2399 300 2436 steht3
332 2398 390 2431 Or.
408 2398 494 2432 Phil.
527 2401 567 2440 23
596 2399 654 2442 Ep
685 2399 798 2432 Mitln.

192 2443 258 2474 Der
269 2441 459 2484 Gegensatz
478 2445 521 2477 ist
535 2446 619 2477 auch
634 2444 703 2478 bell.
709 2446 861 2488 pon-etur,

192 2488 256 2520 wie
274 2487 342 2529 lug.
365 2490 437 2528 112,
459 2491 486 2522 1.

236 2536 435 2575 temptatum
453 2538 572 2567 antea:
597 2535 668 2567 Zur
680 2534 786 2567 Sache
806 2534 860 2576 13,

195 2579 227 2620 3,
245 2579 277 2610 4.

605 1765 776 1798 .accedz't.·
794 1765 863 1805 vgl.

982 1685 1080 1707 secus
1095 1678 1262 1707 cesserat:
1298 1676 1366 1716 vgl.
1385 1675 1439 1715 25,
1461 1677 1515 1714 103
1545 1676 1605 1708 das

938 1721 1015 1752 dort
1027 1721 1310 1761 Vorhergehende
1328 1721 1414 1753 liisst
1430 1721 1536 1753 leicht
1552 1730 1606 1752 er—

938 1768 1068 1805 rathen,
1086 1776 1156 1798 was
1174 1776 1247 1797 man
1277 1767 1350 1798 hier
1380 1767 1605 1798 hinzuzuden—

937 1811 999 1843 ken
1019 1811 1112 1843 habe.
1138 1811 1232 1842 Auch
1251 1811 1294 1843 im
1314 1811 1501 1843 Deutschen
1520 1812 1605 1844 wird

937 1857 1080 1897 „andei-s
1094 1856 1351 1888 komnien“vom
1366 1857 1604 1889 unerwiinsch-

935 1907 991 1934 ten
1012 1901 1107 1942 Gang
1126 1902 1184 1933 der
1199 1902 1301 1942 Dinge
1319 1903 1512 1941 gebraucbt.

982 1947 1012 1978 6.
1052 1957 1176 1989 neque:
1214 1947 1306 1979 nicht
1334 1947 1421 1978 blors
1450 1946 1605 1979 hiuzusii-

933 1993 1039 2033 gend,
1076 1992 1217 2024 sondern
1252 1993 1337 2024 auch
1367 1998 1604 2034 eutgegenset-

934 2038 1028 2069 zend.

979 2123 1050 2160 21.
1077 2128 1107 2159 2.
1137 2128 1279 2160 Cirtam:
1309 2127 1510 2169 Hauptstadt
1537 2138 1603 2160 vou

933 2173 1129 2209 Numidica:
1144 2173 1231 2214 jetzt
1248 2173 1477 2206 Constantine.

979 2222 1012 2251 et
1029 2221 1107 2260 quia
1124 2223 1188 2250 etc.
1213 2218 1275 2251 Die
1294 2219 1391 2259 obige
1410 2218 1604 2260 lnterpune-

932 2265 1004 2296 tion
1023 2264 1212 2306 entspricbt
1235 2265 1308 2295 dem
1333 2263 1603 2303 Gedankengang

934 2310 1038 2348 mehr,
1056 2310 1107 2341 als
1125 2309 1180 2341 die
1198 2309 1372 2349 bisherige
1397 2307 1542 2341 consedit
1571 2312 1604 2340 et

964 2380 971 2387 .
990 2380 996 2385 .
1014 2379 1021 2385 .
1042 2356 1222 2397 inceptum.
1253 2354 1319 2386 Sed
1334 2359 1398 2386 etc.

979 2399 1047 2431 diez·
1061 2402 1272 2431 emir-emam.-
1298 2410 1414 2441 wegen
1441 2399 1499 2430 des
1516 2400 1603 2431 Aus-

933 2445 1058 2477 drueks
1075 2455 1101 2476 s.
1121 2455 1161 2476 zu
1179 2446 1233 2486 37,
1251 2447 1288 2486 43
1307 2446 1375 2486 vgl.
1394 2445 1448 2484 90,
1469 2445 1500 2476 1.
1517 2444 1600 2476 Sall.

933 2495 1009 2530 sagt
1024 2490 1109 2522 auch
1125 2489 1193 2522 ἀίει·
1223 2491 1316 2529 (oder
1344 2490 1377 2522 in
1407 2489 1603 2523 contrahit·-

933 2541 988 2567 ter
1005 2533 1236 2567 Genetivform
1263 2535 1326 2575 die)
1356 2546 1472 2579 vesper
1499 2535 1552 2577 52,
1581 2537 1599 2565 3

935 2591 964 2612 u.
990 2582 1065 2621 106,
1084 2580 1113 2612 2.
