1720 2875
80 511 125 546 71

99 573 120 605 2

101 630 119 661 3

99 738 119 769 4

100 1533 119 1564 w

155 123 168 160 'l
181 122 234 160 72
642 117 678 150 C.
702 116 914 150 SALLUSTl
938 116 1074 150 CRISPI

150 223 302 262 litteras
324 222 371 261 ad
393 234 484 260 eum
506 233 576 272 per
597 220 777 260 homines
798 219 922 259 tidelis
943 220 1076 266 mittit,
1098 219 1139 258 in
1161 220 1249 270 quis
1271 219 1470 260 mollitiam
1491 233 1564 259 so-

151 279 403 328 cordiamque
425 277 494 316 viri
514 289 708 323 accusare,
732 277 866 316 testari
887 277 996 323 deos,
1019 289 1088 327 per
1109 288 1208 327 quos
1228 275 1450 323 iuravisset,
1475 289 1563 316 mo-

149 348 256 382 nere,
279 348 327 373 ne
349 333 521 385 praemia
541 333 685 372 Metelli
704 334 745 372 in
766 339 919 385 pestem
948 338 1218 372 convorteret:
1251 332 1457 383 Iugurthae
1479 333 1563 372 exi-

149 392 250 431 tium
271 391 428 435 adesse3
448 396 637 436 ceterum,
660 401 783 429 suane
803 401 853 429 an
873 389 1016 429 Metelli
1037 389 1179 428 virtute
1200 389 1354 440 periret,
1384 389 1423 428 id
1445 389 1561 428 modo

147 447 300 499 agitari:
324 447 490 498 proinde
510 452 712 498 reputaret
733 459 820 485 cum
838 447 970 485 animo
987 459 1071 492 suo,
1090 445 1262 497 praemia
1282 457 1330 484 an
1348 445 1562 484 cruciatum

148 504 290 543 mallet.
322 503 399 542 Sed
421 516 510 543 cum
531 516 598 542 eae
619 503 769 542 litterae
791 503 949 549 adlatae,
968 503 1068 542 forte
1083 502 1271 541 Nabdalsa
1289 501 1456 541 exercito
1473 514 1563 541 cor-

146 573 242 612 pore
271 561 398 599 fessus
429 560 469 598 in
500 561 598 599 lecto
631 559 874 611 quiescebat,
907 559 972 598 ubi
1001 559 1166 610 cognitis
1188 558 1413 598 Bomilcaris
1434 558 1563 597 verbis

144 617 272 669 primo
283 629 385 659 cura.
407 616 561 663 deinde,
578 616 806 666 utiaegrum
823 616 999 655 animum
1015 616 1128 661 solet,
1145 628 1310 654 somnus
1327 615 1440 666 cepit.
1470 614 1564 654 Erat

145 674 178 712 ei
201 673 368 713 Numida
389 673 549 724 quidam
565 672 816 724 negotiorum
833 678 1000 717 curator,
1024 672 1124 710 lidus
1142 678 1402 723 acceptusque
1420 676 1458 710 et
1474 684 1563 710 om-

146 730 256 769 nium
279 730 532 769 consiliorum
556 729 630 768 nisi
653 729 867 768 novissumi
889 729 1093 780 particeps.
1126 728 1214 775 Qui,
1230 734 1438 780 postquam
1456 728 1564 766 adla-

145 793 203 825 tas
231 787 379 826 litteras
408 786 555 826 audivit
585 792 622 825 et
651 799 696 825 ex
726 785 1013 824 consuetudine
1041 790 1148 824 ratus
1178 797 1297 836 opera
1319 790 1384 824 aut
1405 784 1562 835 ingenio

144 856 217 882 suo
240 856 338 895 opus
360 856 446 882 esse
466 843 508 881 in
530 843 825 882 tabernaculum
846 842 1008 886 introiit,
1032 841 1250 880 dormiente
1272 841 1336 879 illo
1354 841 1560 892 epistulam

144 912 263 952 super
292 905 408 952 caput
433 900 473 938 in
502 899 663 951 pulvino
694 905 841 938 temere
862 899 1029 950 positam
1051 898 1174 937 sumit
1195 910 1238 936 ac
1257 897 1440 948 perlegit,
1471 897 1563 937 dein

145 969 312 1008 propere
339 957 506 1008 cognitis
534 956 685 995 insidiis
707 956 753 995 ad
783 968 914 1006 regem
945 955 1082 1006 pergit.
1125 954 1314 993 Nabdalsa
1337 954 1450 1005 paulo
1473 959 1564 1005 post

149 1020 402 1065 experrectus
424 1013 490 1052 ubi
511 1025 641 1063 neque
659 1012 868 1063 epistulam
885 1011 1057 1062 repperit
1070 1016 1108 1049 et
1126 1023 1208 1049 rem
1227 1022 1387 1048 omnem
1405 1010 1463 1049 uti
1479 1016 1565 1049 acta

150 1076 233 1110 erat
260 1070 461 1120 cognovit,
497 1069 625 1120 primo
653 1069 824 1108 indicem
857 1067 1038 1119 persequi
1067 1073 1250 1111 conatus,
1286 1073 1495 1118 postquam
1525 1067 1564 1106 id

149 1128 294 1166 frustra
315 1127 406 1172 fuit,
436 1126 662 1175 Iugurtham
686 1125 860 1176 placandi
882 1124 1006 1173 gratia
1025 1123 1195 1169 accedit3
1223 1123 1332 1168 dicit,
1362 1136 1460 1174 quae
1481 1123 1564 1174 ipse

149 1183 364 1234 paravisset
384 1184 527 1227 facere,
549 1182 711 1233 pertidia
733 1182 885 1220 clientis
907 1181 967 1219 sui
989 1186 1220 1231 praeventa,
1247 1180 1469 1218 lacrumans
1492 1179 1565 1218 ob-

148 1246 316 1280 testatur
336 1251 408 1290 per
429 1238 638 1278 amicitiam
659 1250 807 1289 perque
829 1250 900 1276 sua
921 1243 1033 1276 antea
1055 1236 1222 1276 fideliter
1243 1242 1343 1281 acta,
1374 1249 1423 1275 ne
1445 1249 1564 1288 super

105 1307 113 1318 ·
149 1297 215 1336 tali
235 1295 381 1335 scelere
402 1300 629 1346 suspectum
650 1307 736 1333 sese
758 1294 929 1333 haberet.
965 1293 1022 1332 Ad
1044 1306 1087 1332 ea
1110 1306 1190 1338 rex,
1213 1293 1323 1332 aliter
1342 1299 1457 1345 atque
1479 1293 1565 1333 ani-

148 1367 211 1393 mo
234 1352 404 1403 gerebat,
428 1352 574 1403 placide
597 1351 814 1402 respondit.
860 1351 1076 1390 Bomilcare
1097 1350 1260 1401 aliisque
1284 1349 1433 1395 multis,
1465 1362 1564 1401 quos

145 1409 273 1449 socios
302 1409 534 1448 insidiarum
563 1413 815 1458 cognoverat,
844 1407 1063 1449 interfectis
1094 1407 1190 1445 iram
1222 1412 1484 1457 oppresserat,
1513 1418 1563 1444 ne

144 1480 220 1518 qua
242 1479 288 1505 ex
311 1479 356 1504 eo
380 1465 536 1516 negotio
558 1465 697 1504 seditio
721 1464 900 1503 oriretur.

257 1523 390 1574 Neque
417 1527 507 1573 post
537 1522 574 1561 id
604 1522 780 1560 locorum
803 1521 1012 1571 Iugurthae
1043 1519 1123 1558 dies
1151 1524 1219 1557 aut
1239 1530 1314 1557 nox
1336 1518 1411 1558 ulla
1435 1518 1563 1570 quieta

146 1580 241 1619 fuit:
265 1592 393 1630 neque
413 1579 498 1617 loco
522 1591 650 1629 neque
674 1578 825 1616 mortali
842 1578 1025 1628 cuiquam
1043 1582 1109 1614 aut
1125 1575 1294 1626 tempori
1312 1575 1408 1614 satis
1426 1575 1562 1614 crede-

146 1651 202 1680 re,
225 1636 317 1675 civis
341 1636 545 1686 hostisque
566 1635 672 1674 iuxta
696 1640 885 1680 metuere,
909 1635 1235 1684 circumspectare
1253 1632 1382 1670 omnia
1401 1640 1440 1670 et
1455 1632 1564 1671 omni

145 1693 313 1744 strepitu
334 1704 562 1743 pavescere,
593 1692 665 1730 alio
697 1697 813 1743 atque
834 1691 907 1730 alio
930 1691 1034 1734 loco,
1065 1702 1180 1740 saepe
1202 1694 1337 1727 contra
1360 1689 1478 1727 decus
1500 1701 1564 1728 re—

146 1750 266 1800 gium,
288 1755 409 1788 noctu
429 1749 689 1800 requiescere,
710 1748 910 1786 interdum
932 1758 1074 1786 somno
1097 1746 1244 1784 excitus
1261 1745 1428 1795 arreptis
1445 1745 1563 1784 armis

146 1806 362 1845 tumultum
385 1806 532 1844 facere:
555 1805 607 1843 ita
629 1804 842 1843 formidine
865 1803 976 1855 quasi
998 1802 1177 1842 vecordia
1199 1801 1396 1852 exagitari.

891 1899 984 1935 tuug,
1014 1893 1078 1925 und
1107 1893 1293 1934 iiber-haupt
1318 1903 1359 1923 zu
1384 1892 1466 1924 Sall.
1490 1892 1566 1924 Zeit

892 1939 1041 1972 {iusserst
1066 1938 1174 1970 sclten
1200 1948 1236 1970 so
1261 1937 1463 1978 gebraucht3
1489 1937 1566 1978 spii-

892 1985 1002 2017 terhiu
1034 1983 1294 2025 gewo'hnlicher.
1341 1982 1566 2024 Regelmarsig

192 1897 333 1937 anoec'us,
349 1907 406 1927 ne:
424 1896 493 1937 vgl.
512 1895 542 1935 6,
561 1895 589 1927 3.
614 1892 640 1921 ’ἶῗ

193 1952 316 1973 suane:
350 1941 380 1972 d.
411 1941 433 1973 i.
466 1941 523 1972 des
552 1940 720 1972 Bomilcar
752 1939 818 1971 und

147 1987 329 2019 Nabdalsa.
351 1985 385 2017 ln
399 1986 459 2018 der
474 1986 625 2018 directen
640 1984 819 2017 Redeform

146 2033 263 2064 wiirde
280 2034 438 2063 nostrane
456 2031 584 2063 stehen.

194 2071 263 2110 '71-
292 2077 319 2109 1.
345 2076 494 2109 adlatae:
518 2076 623 2119 suppl.
642 2078 738 2113 s11nl‚·
757 2074 820 2106 wie

149 2123 201 2162 77,
221 2124 259 2161 33
288 2122 362 2163 109,
381 2123 411 2153 2.
449 2122 530 2154 Hier
551 2122 598 2153 ist
621 2132 698 2153 cum
722 2136 736 2147 =
759 2130 820 2163 quo

147 2171 306 2211 tempore.

195 2213 224 2244 2.
252 2213 310 2244 ubi·
327 2237 334 2244 .
355 2237 361 2244 .
385 2214 486 2255 cepit:
513 2211 546 2243 ln
574 2213 632 2244 ubi
656 2212 740 2252 liegt
763 2211 822 2242 nbi

151 2260 368 2300 quiescentem
379 2269 390 2296 ,·
416 2269 457 2289 zu
482 2257 560 2290 solet
583 2258 628 2289 ist
646 2257 750 2289 lcicht
766 2267 821 2288 ca-

144 2314 226 2347 pere
241 2314 281 2335 zu
298 2303 480 2346 suppliren.

195 2349 226 2380 4.
251 2359 354 2391 opera
379 2351 440 2380 aut
470 2350 622 2391 ingenio.-
648 2348 716 2380 Der
739 2347 820 2379 Sina

149 2393 206 2432 ist,
234 2404 291 2434 „es
314 2395 395 2435 gebe
415 2392 467 2426 ffir
485 2394 541 2426 ihu
558 2399 663 2426 etwas
681 2405 722 2425 zu
739 2394 820 2424 thun

150 2439 231 2470 oder
248 2449 288 2470 zu
306 2439 469 2471 deukcn²‘.

195 2485 224 2516 5.
247 2495 330 2525 quae
343 2486 413 2527 ipse
423 2495 498 2527 ραν.
516 2484 654 2526 facere:
675 2483 820 2515 niimlich

149 2529 203 2561 die
221 2529 367 2569 Auzeige
386 2530 437 2561 bei
454 2530 630 2570 Jugurtha.

193 2585 311 2617 super.-
335 2585 397 2606 uui·
420 2574 495 2606 hier
513 2575 544 2606 iu
563 2575 676 2607 dieser
695 2574 820 2607 Bedeu-

893 2031 984 2062 wiire
1013 2029 1052 2061 de
1075 2029 1155 2060 oder
1179 2031 1212 2060 in
1236 2027 1300 2060 tali
1319 2027 1448 2069 scelere,
1479 2028 1565 2060 auch

892 2075 974 2107 talis
990 2074 1140 2107 sceleris.

940 2115 1010 2154 72.
1041 2121 1068 2152 1.
1095 2121 1207 2151 animo
1226 2119 1383 2161 gerebat:
1409 2117 1474 2150 wie
1490 2119 1565 2149 am*-

894 2177 948 2198 mo
965 2166 1119 2208 agitabat
1139 2165 1191 2204 11,
1212 2165 1238 2196 1.

941 2214 1028 2244 iram
1053 2212 1276 2254 oppresserat:
1303 2220 1363 2250 „er
1385 2209 1478 2240 hatte
1497 2207 1566 2240 sei-

895 2268 969 2290 nem
1003 2256 1093 2289 Zorn
1131 2265 1235 2296 gegen
1269 2253 1437 2286 Nabdalsa
1462 2253 1566 2286 ¹nicht

895 2301 1000 2334 freien
1027 2299 1113 2333 Laus
1138 2300 1306 2340 gelassen,
1335 2300 1481 2331 sondern
1510 2299 1566 2330 ihu

895 2347 1069 2387 bewiiltigt
1106 2346 1170 2377 und
1211 2345 1243 2376 in
1276 2345 1349 2376 sich
1380 2344 1565 2386 zuriickge-

895 2394 1047 2432 dr'augt‘fi
1086 2390 1194 2424 Ueber
1218 2391 1276 2422 das
1301 2390 1513 2433 Plusquamp.
1538 2401 1564 2422 s.

893 2449 933 2470 zu
952 2437 1022 2469 Cat.
1043 2437 1094 2475 24,
1119 2439 1145 2470 1.

938 2483 968 2514 2.
995 2481 1032 2514 id
1046 2482 1210 2514 locorum.-
1229 2492 1269 2513 zu
1286 2481 1341 2521 63,
1360 2480 1389 2512 6.

937 2530 1053 2560 contra
1077 2526 1175 2559 decus
1202 2528 1355 2568 reglum:
1378 2525 1440 2558 wie
1459 2525 1512 2564 33,
1533 2526 1562 2559 1.

936 2572 1120 2605 tumultum
1139 2573 1276 2614 facere:
1304 2571 1369 2604 Ein
1393 2571 1480 2603 alter
1498 2569 1562 2602 Er—
