1720 2875
202 122 281 160 114
696 119 731 152 C.
758 119 966 155 SALLUSTl
992 119 1127 154 CRISPI

204 234 274 262 nes
298 223 427 262 minus
449 223 690 273 frequentata
707 229 813 269 sunt,
835 223 883 263 de
900 225 954 264 eis
971 224 1074 263 haud
1091 224 1201 263 facile
1218 233 1463 276 compertum
1480 239 1618 267 narra-

157 287 176 319 3
203 280 343 324 verim;
371 284 499 317 cetera
528 291 644 329 quam
673 280 931 330 paucissumis
963 281 1174 320 absolvam.
1221 280 1265 319 ln
1286 282 1479 322 divisione
1506 283 1612 323 orbis

199 343 327 375 terrae
348 335 525 386 plerique
553 335 594 373 in
622 342 730 386 parte
758 337 871 375 tertia
900 337 1069 376 Africam
1097 349 1288 388 posuere,
1317 339 1428 389 pauci
1457 346 1613 379 tantum

155 403 174 433 4
201 391 316 431 modo
339 391 469 430 Asiam
493 397 531 430 et
551 391 750 443 Europam
771 406 870 442 esse,
893 395 960 433 sed
984 394 1154 432 Africam
1176 395 1214 432 in
1237 394 1402 445 Europa.
1450 395 1503 435 Ea
1523 396 1613 436 finis

200 448 318 487 habet
339 448 386 486 ab
410 448 612 487 occidente
633 449 776 488 fretum
800 450 925 489 nostri
947 450 1067 489 maris
1090 457 1128 489 et
1151 450 1318 496 Oceani,
1340 450 1387 490 ab
1410 458 1500 491 ortu
1521 453 1616 492 solis

200 504 386 544 declivem
408 505 652 544 latitudinem
666 536 674 550 ,
703 518 820 557 quem
842 506 971 545 locum
995 507 1279 546 Catabathmon
1302 506 1452 547 incolae
1479 510 1614 559 appel-

153 572 171 602 5
198 562 290 601 lant.
336 561 440 600 Mare
470 574 628 600 saevum
664 562 962 613 inportuosum;
995 574 1086 613 ager
1118 563 1273 614 frugum
1297 564 1454 610 fertilis,
1485 564 1615 604 bonus

152 637 170 667 ς,
196 617 341 669 pecori,
364 618 502 656 arbore
518 618 775 663 infecundus;
797 619 903 658 caelo
921 625 1104 670 terraque
1121 621 1283 670 penuria
1301 633 1505 672 aquarum.
1536 621 1619 660 Ge-

197 686 273 713 nus
289 675 497 714 hominum
515 675 660 713 salubri
678 686 854 725 corpore,
872 676 994 720 velox,
1014 675 1166 725 patiens
1184 676 1385 723 laborum3
1407 678 1616 728 plerosque

196 736 379 770 senectus
403 731 588 775 dissolvit,
611 731 686 770 nisi
708 732 774 783 qui
796 732 900 771 ferro
924 738 990 771 aut
1011 732 1146 770 bestiis
1167 733 1372 780 interiere;
1392 745 1484 772 nam
1505 746 1618 774 mor—

198 787 272 826 bus
295 788 399 826 haud
422 800 541 838 saepe
559 800 797 839 quemquam
815 796 998 839 superat3
1021 789 1068 827 ad
1086 788 1161 827 hoc
1178 789 1340 828 malefici
1355 791 1509 839 generis
1528 792 1615 841 plu—

154 861 170 890 ς
202 856 314 883 ruma
337 844 530 883 animalia.
564 845 638 883 Sed
661 845 728 896 qui
750 845 935 884 mortales
958 845 1067 884 initio
1089 845 1259 884 Africam
1283 845 1503 892 habuerint,
1525 847 1617 898 qui-

200 914 276 953 que
306 908 441 952 postca
470 901 726 946 accesserint,
762 909 828 940 aut
856 914 935 953 quo
964 902 1080 941 modo
1108 903 1212 940 inter
1242 914 1285 941 se
1313 903 1497 953 permixti
1522 904 1614 949 sint,

200 970 439 1010 quamquam
463 958 510 996 ab
532 969 574 996 ea
597 958 718 1003 fama,
750 971 847 1009 quae
868 960 1080 1009 plerosque
1109 957 1282 1001 obtinet,
1313 960 1513 998 divorsum
1541 967 1614 1004 est,

201 1022 345 1059 tamen,
368 1015 423 1053 uti
447 1027 493 1054 ex
514 1014 621 1053 libris
638 1015 806 1059 Punicis,
829 1015 895 1066 qui
916 1015 1018 1065 regis
1039 1014 1273 1065 Hiempsalis
1291 1015 1532 1063 dicebantur,
1553 1017 1618 1055 in—

199 1077 458 1123 terpretatum
482 1070 598 1110 nobis
621 1077 691 1113 est,
715 1072 847 1123 utique
867 1083 951 1110 rem
974 1084 1062 1110 sese
1083 1070 1227 1110 habere
1249 1072 1418 1111 cultores
1436 1073 1520 1112 eius
1535 1079 1618 1111 ter-

990 1172 1123 1212 fretum
1141 1176 1204 1203 etc.
1222 1172 1251 1202 (l.
1271 1173 1290 1203 i.
1312 1162 1616 1215 Gadz'tanussiff'die

946 1216 1126 1257 Mem-euge
1142 1227 1208 1248 von
1228 1215 1412 1249 Gibraltar.

990 1261 1068 1294 decl.
1100 1261 1327 1294 latitudinem:
1375 1263 1474 1301 „eine
1505 1264 1614 1296 breite

945 1306 1149 1347 Absenkung
1171 1318 1245 1346 „ain
1273 1308 1421 1340 Ostende
1440 1312 1538 1345 (etwa
1555 1308 1618 1339 43⁰

944 1353 1023 1384 fistl.
1051 1352 1174 1393 Lange)
1199 1354 1256 1384 des
1280 1354 1468 1386 romischen
1491 1352 1613 1386 Gebie-

943 1402 995 1429 tes
1028 1408 1058 1428 v.
1084 1398 1282 1440 Cyrenaica,
1313 1408 1416 1439 gcgen
1436 1399 1611 1441 Aegypten

199 1184 296 1206 omne
314 1174 487 1210 necessest,
514 1173 602 1202 inter
617 1170 767 1213 {corpora
784 1171 875 1212 quod

199 1216 440 1274 fiut,yossz'dul
458 1218 568 1248 inune.

246 1260 265 1296 1
281 1271 311 1296 d·
349 1264 379 1293 2.
405 1264 628 1304 compertum:
656 1259 743 1301 „auf
760 1261 872 1293 siche-

198 1319 254 1341 rer
274 1308 394 1341 Hunde
414 1306 660 1339 neruhendeffl.

241 1355 273 1387 3.
291 1357 326 1387 in
340 1355 440 1396 parte
454 1354 556 1384 tertia
574 1357 638 1384 etc.
668 1351 728 1382 Die
747 1350 870 1384 worte

197 1400 331 1433 heil'sen
351 1399 518 1430 oll'enbar:
548 1397 626 1436 „die
650 1397 792 1428 meisten
811 1398 870 1429 ha-

199 1446 262 1478 ben
281 1444 354 1477 drei
367 1444 488 1476 Theile
503 1444 562 1475 der
588 1442 673 1474 Erde
691 1452 869 1481 angenom-

198 1501 272 1524 meu
314 1490 380 1522 und
420 1489 537 1521 Africa
580 1488 612 1518 in
645 1488 706 1518 deu
741 1487 867 1519 dritten

199 1537 312 1569 dieser
328 1535 446 1567 Theile
472 1533 630 1574 verlegt“
659 1533 689 1563 d.
721 1534 751 1564 h.
785 1533 868 1564 kurz

199 1583 272 1621 „sie
302 1581 409 1613 haben
427 1578 498 1611 Afr.
528 1579 580 1611 als
612 1578 740 1610 dritten
769 1578 867 1610 Thcil

198 1628 227 1658 d.
262 1627 299 1658 E.
330 1626 542 1666 angesetzt“.
594 1624 660 1655 Der
688 1623 868 1655 Ausdruck

200 1673 286 1705 l'asst
304 1672 376 1704 sich
395 1671 498 1702 durch
527 1670 778 1710 Vei-gleichung
807 1669 869 1701 init

197 1717 325 1759 aliquid
340 1719 373 1748 in
399 1718 551 1753 crimine,
577 1717 610 1746 in
636 1715 806 1756 beneficio,
834 1717 869 1746 in

197 1763 296 1795 laude
308 1772 432 1806 ponere
453 1762 519 1792 und
553 1760 730 1792 ‘ahnlichen
749 1760 865 1791 erkla—

200 1819 269 1840 ren.
320 1807 378 1839 Die
397 1806 576 1847 folgenden
596 1805 719 1837 Worte
737 1805 866 1846 h'tingen

198 1865 263 1885 von
282 1854 391 1884 eine-m
408 1862 468 1883 aus
483 1861 625 1895 posuere
657 1861 697 1882 zu
728 1850 865 1882 entneh-

199 1899 335 1931 menden
354 1898 502 1930 Verbum
522 1896 652 1928 dicendi
670 1896 722 1927 ab.

238 1945 357 1987 pauci:
389 1944 557 1975 Darunter
585 1941 707 1981 Varro,
737 1940 797 1972 der
827 1941 866 1972 dc

198 1989 295 2030 Ling.
315 1988 389 2020 Lat.
409 1990 441 2025 5,
471 1988 490 2016 6
508 1992 582 2026 sag*
610 1987 694 2018 caeli
719 1987 867 2027 regioni-

197 2036 258 2067 bus
274 2037 368 2066 terra
393 2033 524 2072 (divisa
541 2035 611 2071 est)
637 2034 671 2063 in
694 2033 818 2064 Asimn
836 2033 867 2062 et

198 2080 390 2122 Europan1;
420 2081 508 2111 Asia
523 2079 610 2109 enim
628 2079 711 2109 iacet
740 2076 786 2108 ad
800 2087 868 2107 me—

196 2125 317 2158 ridiem
334 2128 364 2156 et
384 2127 556 2163 austrum,
580 2123 717 2165 Europa
734 2121 780 2154 ad
794 2132 869 2164 sep-

198 2173 390 2203 tentriones
406 2173 437 2201 et
454 2169 650 2210 aquilonem.

241 2216 406 2257 Africam
430 2217 462 2246 in
482 2214 638 2256 Europa:
670 2212 769 2244 Diese
798 2212 867 2243 An-

197 2262 288 2293 sicht
319 2261 445 2294 erbielt
462 2260 533 2292 sich
566 2259 652 2290 noch
683 2258 797 2299 lange:
831 2267 868 2288 so

199 2306 279 2339 Luc.
305 2306 420 2338 l'hars.
445 2307 474 2343 9,
506 2306 568 2338 411
599 2305 701 2336 tertia
715 2313 797 2346 pars
814 2312 867 2334 re-

197 2362 272 2383 rum
291 2351 404 2394 Libye,
421 2353 453 2383 si
469 2350 603 2383 credere
618 2350 736 2391 famae
752 2350 870 2379 cuncta

200 2397 297 2436 1·elis,·
325 2399 360 2429 ut
375 2398 407 2428 εἰ
422 2399 531 2428 υθπίυε
547 2394 736 2436 caelumque
751 2403 870 2435 sequa-

200 2444 263 2482 ris,
277 2452 363 2485 pars
381 2443 447 2474 erit
464 2442 632 2484 Europae.

243 2489 274 2519 4.
299 2487 408 2528 finis:
426 2486 507 2517 Sall.
518 2485 611 2526 giebt
625 2495 689 2516 nur
705 2485 758 2516 die
770 2483 870 2514 niird-

197 2532 308 2565 lichen
341 2531 534 2573 Endpuncte
564 2531 622 2562 der
651 2529 769 2562 VVest-
805 2528 870 2559 und

196 2576 381 2618 Ostgrenze
399 2588 450 2608 an.

942 1443 1012 1483 hin,
1036 1444 1182 1475 welches
1215 1444 1297 1474 nach
1327 1444 1441 1475 dieser
1472 1444 1614 1476 Ansicht

943 1499 987 1519 zu
1004 1488 1106 1520 Asien
1122 1489 1270 1528 gehiirte.

987 1545 1018 1577 6.
1045 1546 1136 1576 nisi.
1158 1570 1165 1577 .
1183 1546 1360 1577 inter-iere:
1384 1555 1608 1586 „ausgenom-

941 1601 1015 1622 men
1037 1590 1104 1629 die,
1128 1590 1255 1622 welche
1279 1591 1384 1622 durch
1411 1615 1417 1622 .
1439 1615 1446 1622 .
1466 1615 1472 1622 .
1498 1600 1614 1632 umge-

941 1635 1090 1667 kommen
1109 1636 1202 1676 sind,
1229 1636 1287 1667 elic
1318 1635 1369 1667 sie
1400 1635 1460 1667 der
1498 1636 1613 1668 natiir-

940 1681 1031 1712 liche
1049 1680 1118 1712 Tod
1142 1680 1317 1713 erreichen
1349 1680 1513 1720 konnto“;
1553 1681 1611 1712 ‹la-

940 1727 1001 1758 her
1029 1726 1088 1758 das
1115 1724 1317 1758 Perfectum.
1371 1726 1404 1758 lu
1430 1725 1612 1758 Riicksicht

941 1770 1070 1812 darauf,
1090 1772 1167 1803 dass
1185 1772 1285 1803 deren
1304 1771 1393 1803 wohl
1417 1771 1509 1803 nicht
1525 1770 1613 1803 We-

940 1817 1017 1857 nige
1036 1816 1105 1848 scin
1124 1817 1289 1853 mochten,
1318 1816 1389 1856 fiigt
1407 1815 1488 1848 Sall.
1510 1818 1612 1848 nach—

938 1861 1000 1893 her
1019 1862 1102 1893 noch
1120 1866 1226 1893 etwas
1245 1862 1317 1894 lose
1338 1861 1404 1893 und
1434 1861 1612 1893 vielleicht

940 1907 1193 1949 parenthetisch
1218 1906 1318 1939 hinzu
1347 1906 1393 1938 ad
1407 1907 1467 1938 kae
1483 1930 1491 1938 .
1510 1931 1518 1938 .
1535 1907 1613 1938 aui-

939 1953 1043 1984 ηιαῑιά
1061 1952 1196 1991 (sunt).

987 2009 1016 2039 7.
1043 2008 1243 2050 plerosque:
1271 2013 1366 2041 sonst
1391 2008 1484 2040 steht
1502 2008 1611 2050 sama

941 2054 1063 2086 obtinet
1082 2055 1165 2086 oder
1181 2056 1270 2085 tenet
1285 2053 1438 2094 absolut3
1455 2054 1514 2086 das
1522 2052 1610 2086 Ver—

942 2099 1018 2131 bum
1064 2100 1211 2130 obtt'nere
1256 2099 1288 2130 iu
1336 2099 1461 2130 diesem
1506 2098 1609 2130 Sinne

943 2145 999 2185 bo,
1018 2145 1048 2176 7.

988 2200 1208 2238 Htmpsalis:
1240 2200 1381 2231 n'amlich
1411 2200 1469 2231 des
1499 2199 1613 2231 Zwei-

942 2251 1009 2277 ten.
1037 2245 1084 2277 Er
1101 2256 1173 2277 war
1191 2245 1274 2277 nach
1286 2245 1472 2286 Besiegung
1486 2245 1612 2285 Jugur—

943 2291 1019 2323 thas
1036 2291 1096 2322 mit
1115 2290 1257 2322 Hiarhas
1274 2288 1384 2331 Runig
1408 2301 1473 2322 von
1490 2290 1612 2322 Numi·-

944 2337 1017 2367 dien
1031 2347 1039 2370 ι
1054 2336 1160 2368 Vater
1176 2337 1235 2367 des
1261 2335 1347 2367 Juba
1365 2335 1387 2367 1.
1435 2335 1502 2368 Der
1518 2335 1610 2367 Sohn

943 2382 1001 2413 des
1029 2380 1230 2421 Letzteren‚
1256 2381 1345 2412 Juba
1370 2381 1411 2420 ll,
1439 2379 1608 2413 versasste

942 2424 1107 2458 ebeusalls
1146 2427 1222 2458 eine
1256 2426 1504 2467 Beschreibung
1543 2435 1609 2457 von

942 2470 1058 2503 Africa
1077 2471 1141 2502 und
1158 2471 1317 2503 Arabien.

990 2529 1268 2570 interpretatum.-
1296 2527 1495 2570 passivisch.
1525 2526 1610 2559 Sall.

945 2573 1001 2605 hat
1018 2573 1078 2604 das
1096 2572 1197 2605 Verb.
1217 2573 1309 2605 nicht
1324 2573 1457 2605 weiter.
