<?xml version="1.0" encoding="UTF-8"?>
<!DOCTYPE html PUBLIC "-//W3C//DTD XHTML 1.0 Transitional//EN"
    "http://www.w3.org/TR/xhtml1/DTD/xhtml1-transitional.dtd">
<html xmlns="http://www.w3.org/1999/xhtml" xml:lang="en" lang="en">
 <head>
  <title>
</title>
<meta http-equiv="Content-Type" content="text/html;charset=utf-8" />
  <meta name='ocr-system' content='tesseract 3.04.00' />
  <meta name='ocr-capabilities' content='ocr_page ocr_carea ocr_par ocr_line ocrx_word'/>
</head>
<body>
  <div class='ocr_page' id='page_1' title='image "./deconiurationeca00salluoft_0073.png"; bbox 0 0 1720 2875; ppageno 0'>
   <div class='ocr_carea' id='block_1_1' title="bbox 514 160 1517 205">
    <p class='ocr_par' dir='ltr' id='par_1_1' title="bbox 514 160 1517 205">
     <span class='ocr_line' id='line_1_1' title="bbox 514 160 1517 205; baseline 0.001 -11"><span class='ocrx_word' id='word_1_1' title='bbox 514 162 570 194; x_wconf 93' lang='lat' dir='ltr'>DE</span> <span class='ocrx_word' id='word_1_2' title='bbox 595 160 706 195; x_wconf 85' lang='lat' dir='ltr'>CON1.</span> <span class='ocrx_word' id='word_1_3' title='bbox 732 161 868 194; x_wconf 84' lang='lat' dir='ltr'>CATIL.</span> <span class='ocrx_word' id='word_1_4' title='bbox 896 163 931 195; x_wconf 89' lang='lat' dir='ltr'>C.</span> <span class='ocrx_word' id='word_1_5' title='bbox 967 163 1110 195; x_wconf 74' lang='lat'>47—-48,</span> <span class='ocrx_word' id='word_1_6' title='bbox 1465 166 1517 205; x_wconf 81' lang='grc'>65</span> 
     </span>
    </p>
   </div>
   <div class='ocr_carea' id='block_1_2' title="bbox 99 263 1581 1610">
    <p class='ocr_par' dir='ltr' id='par_1_2' title="bbox 116 263 1517 360">
     <span class='ocr_line' id='line_1_2' title="bbox 117 263 1517 315; baseline 0.003 -14"><span class='ocrx_word' id='word_1_7' title='bbox 117 270 208 303; x_wconf 87' lang='lat' dir='ltr'>ante</span> <span class='ocrx_word' id='word_1_8' title='bbox 247 276 293 303; x_wconf 84' lang='lat' dir='ltr'>ex</span> <span class='ocrx_word' id='word_1_9' title='bbox 330 265 420 315; x_wconf 84' lang='lat' dir='ltr'>fuga</span> <span class='ocrx_word' id='word_1_10' title='bbox 458 270 646 303; x_wconf 85' lang='lat' dir='ltr'>retractus</span> <span class='ocrx_word' id='word_1_11' title='bbox 686 269 767 302; x_wconf 85' lang='lat' dir='ltr'>erat</span> <span class='ocrx_word' id='word_1_12' title='bbox 801 286 857 290; x_wconf 88' lang='lat'>-—</span> <span class='ocrx_word' id='word_1_13' title='bbox 896 263 966 302; x_wconf 90' lang='lat' dir='ltr'>Cn.</span> <span class='ocrx_word' id='word_1_14' title='bbox 1004 264 1186 304; x_wconf 89' lang='lat' dir='ltr'>Terentio</span> <span class='ocrx_word' id='word_1_15' title='bbox 1226 266 1396 305; x_wconf 88' lang='lat' dir='ltr'>senatori</span> <span class='ocrx_word' id='word_1_16' title='bbox 1434 272 1517 306; x_wconf 87' lang='lat' dir='ltr'>tra—</span> 
     </span>
     <span class='ocr_line' id='line_1_3' title="bbox 116 319 275 360; baseline 0.013 -3"><span class='ocrx_word' id='word_1_17' title='bbox 116 319 275 360; x_wconf 88' lang='lat' dir='ltr'>duntur.</span> 
     </span>
    </p>

    <p class='ocr_par' dir='ltr' id='par_1_3' title="bbox 110 375 1581 766">
     <span class='ocr_line' id='line_1_4' title="bbox 224 375 1581 429; baseline 0.003 -15"><span class='ocrx_word' id='word_1_18' title='bbox 224 377 377 416; x_wconf 83' lang='lat' dir='ltr'>Interea</span> <span class='ocrx_word' id='word_1_19' title='bbox 393 376 524 428; x_wconf 82' lang='lat' dir='ltr'>plebes</span> <span class='ocrx_word' id='word_1_20' title='bbox 542 375 807 414; x_wconf 85' lang='lat' dir='ltr'>coniuratione</span> <span class='ocrx_word' id='word_1_21' title='bbox 823 377 1024 426; x_wconf 85' lang='lat' dir='ltr'>patefacta,</span> <span class='ocrx_word' id='word_1_22' title='bbox 1043 389 1139 428; x_wconf 85' lang='lat' dir='ltr'>quae</span> <span class='ocrx_word' id='word_1_23' title='bbox 1156 378 1282 428; x_wconf 87' lang='lat' dir='ltr'>primo</span> <span class='ocrx_word' id='word_1_24' title='bbox 1300 378 1438 429; x_wconf 91' lang='lat' dir='ltr'>cupida</span> <span class='ocrx_word' id='word_1_25' title='bbox 1449 390 1515 417; x_wconf 90' lang='lat' dir='ltr'>re-</span> <span class='ocrx_word' id='word_1_26' title='bbox 1529 384 1581 419; x_wconf 73' lang='lat'>48</span> 
     </span>
     <span class='ocr_line' id='line_1_5' title="bbox 113 431 1521 477; baseline 0.001 -6"><span class='ocrx_word' id='word_1_27' title='bbox 113 444 203 471; x_wconf 88' lang='lat' dir='ltr'>rum</span> <span class='ocrx_word' id='word_1_28' title='bbox 225 445 412 472; x_wconf 80' lang='lat' dir='ltr'>novarum</span> <span class='ocrx_word' id='word_1_29' title='bbox 435 433 552 471; x_wconf 89' lang='lat' dir='ltr'>nimis</span> <span class='ocrx_word' id='word_1_30' title='bbox 571 431 672 470; x_wconf 91' lang='lat' dir='ltr'>bello</span> <span class='ocrx_word' id='word_1_31' title='bbox 694 431 856 477; x_wconf 83' lang='lat' dir='ltr'>favebat,</span> <span class='ocrx_word' id='word_1_32' title='bbox 874 438 1020 471; x_wconf 85' lang='lat' dir='ltr'>mutata</span> <span class='ocrx_word' id='word_1_33' title='bbox 1038 440 1170 472; x_wconf 91' lang='lat' dir='ltr'>mente</span> <span class='ocrx_word' id='word_1_34' title='bbox 1188 434 1370 474; x_wconf 71' lang='lat' dir='ltr'>Catilinae</span> <span class='ocrx_word' id='word_1_35' title='bbox 1392 435 1521 474; x_wconf 88' lang='lat' dir='ltr'>consi-</span> 
     </span>
     <span class='ocr_line' id='line_1_6' title="bbox 113 488 1523 534; baseline 0.001 -6"><span class='ocrx_word' id='word_1_36' title='bbox 113 489 161 529; x_wconf 88' lang='lat' dir='ltr'>lia</span> <span class='ocrx_word' id='word_1_37' title='bbox 183 490 386 534; x_wconf 82' lang='lat' dir='ltr'>exsecrari,</span> <span class='ocrx_word' id='word_1_38' title='bbox 423 488 646 527; x_wconf 83' lang='lat' dir='ltr'>Ciceronem</span> <span class='ocrx_word' id='word_1_39' title='bbox 671 488 716 526; x_wconf 90' lang='lat' dir='ltr'>ad</span> <span class='ocrx_word' id='word_1_40' title='bbox 741 488 889 526; x_wconf 87' lang='lat' dir='ltr'>caelum</span> <span class='ocrx_word' id='word_1_41' title='bbox 909 488 1062 527; x_wconf 89' lang='lat' dir='ltr'>tollere:</span> <span class='ocrx_word' id='word_1_42' title='bbox 1099 490 1217 528; x_wconf 76' lang='lat' dir='ltr'>veluti</span> <span class='ocrx_word' id='word_1_43' title='bbox 1253 503 1299 529; x_wconf 77' lang='lat' dir='ltr'>ex</span> <span class='ocrx_word' id='word_1_44' title='bbox 1338 492 1523 530; x_wconf 85' lang='lat' dir='ltr'>servitute</span> 
     </span>
     <span class='ocr_line' id='line_1_7' title="bbox 112 544 1565 597; baseline 0.001 -13"><span class='ocrx_word' id='word_1_45' title='bbox 112 553 243 597; x_wconf 85' lang='lat' dir='ltr'>erepta</span> <span class='ocrx_word' id='word_1_46' title='bbox 265 545 445 596; x_wconf 87' lang='lat' dir='ltr'>gaudium</span> <span class='ocrx_word' id='word_1_47' title='bbox 469 550 583 594; x_wconf 86' lang='lat' dir='ltr'>atque</span> <span class='ocrx_word' id='word_1_48' title='bbox 604 544 789 582; x_wconf 80' lang='lat' dir='ltr'>laetitiam</span> <span class='ocrx_word' id='word_1_49' title='bbox 812 544 990 595; x_wconf 82' lang='lat' dir='ltr'>agitabat.</span> <span class='ocrx_word' id='word_1_50' title='bbox 1022 545 1200 597; x_wconf 83' lang='lat' dir='ltr'>Namque</span> <span class='ocrx_word' id='word_1_51' title='bbox 1222 547 1292 585; x_wconf 89' lang='lat' dir='ltr'>alia</span> <span class='ocrx_word' id='word_1_52' title='bbox 1313 547 1402 586; x_wconf 85' lang='lat' dir='ltr'>belli</span> <span class='ocrx_word' id='word_1_53' title='bbox 1425 547 1521 586; x_wconf 86' lang='lat' dir='ltr'>faci·</span> <span class='ocrx_word' id='word_1_54' title='bbox 1546 559 1565 590; x_wconf 81' lang='lat'>2</span> 
     </span>
     <span class='ocr_line' id='line_1_8' title="bbox 111 601 1520 652; baseline 0.001 -11"><span class='ocrx_word' id='word_1_55' title='bbox 111 615 206 641; x_wconf 89' lang='lat' dir='ltr'>nora</span> <span class='ocrx_word' id='word_1_56' title='bbox 227 601 392 652; x_wconf 81' lang='lat' dir='ltr'>praedae</span> <span class='ocrx_word' id='word_1_57' title='bbox 418 601 538 650; x_wconf 87' lang='lat' dir='ltr'>magis</span> <span class='ocrx_word' id='word_1_58' title='bbox 555 613 670 651; x_wconf 88' lang='lat' dir='ltr'>quam</span> <span class='ocrx_word' id='word_1_59' title='bbox 691 601 926 640; x_wconf 86' lang='lat' dir='ltr'>detrimento</span> <span class='ocrx_word' id='word_1_60' title='bbox 944 601 1038 647; x_wconf 82' lang='lat' dir='ltr'>fore,</span> <span class='ocrx_word' id='word_1_61' title='bbox 1062 602 1287 641; x_wconf 84' lang='lat' dir='ltr'>incendium</span> <span class='ocrx_word' id='word_1_62' title='bbox 1311 616 1401 642; x_wconf 82' lang='lat' dir='ltr'>vero</span> <span class='ocrx_word' id='word_1_63' title='bbox 1431 616 1520 643; x_wconf 89' lang='lat' dir='ltr'>cru—</span> 
     </span>
     <span class='ocr_line' id='line_1_9' title="bbox 110 656 1520 711; baseline 0.002 -15"><span class='ocrx_word' id='word_1_64' title='bbox 110 658 193 697; x_wconf 90' lang='lat' dir='ltr'>dele</span> <span class='ocrx_word' id='word_1_65' title='bbox 212 657 497 696; x_wconf 87' lang='lat' dir='ltr'>inmoderatum</span> <span class='ocrx_word' id='word_1_66' title='bbox 526 669 569 696; x_wconf 89' lang='lat' dir='ltr'>ac</span> <span class='ocrx_word' id='word_1_67' title='bbox 589 656 661 695; x_wconf 92' lang='lat' dir='ltr'>sibi</span> <span class='ocrx_word' id='word_1_68' title='bbox 685 669 867 695; x_wconf 82' lang='lat' dir='ltr'>maxume</span> <span class='ocrx_word' id='word_1_69' title='bbox 888 658 1161 697; x_wconf 82' lang='lat' dir='ltr'>calamitosum</span> <span class='ocrx_word' id='word_1_70' title='bbox 1183 659 1354 710; x_wconf 88' lang='lat' dir='ltr'>putabat,</span> <span class='ocrx_word' id='word_1_71' title='bbox 1377 660 1520 711; x_wconf 86' lang='lat' dir='ltr'>quippe</span> 
     </span>
     <span class='ocr_line' id='line_1_10' title="bbox 110 713 1386 766; baseline 0.001 -13"><span class='ocrx_word' id='word_1_72' title='bbox 110 714 173 753; x_wconf 88' lang='grc'><strong>6111</strong></span> <span class='ocrx_word' id='word_1_73' title='bbox 192 726 328 752; x_wconf 84' lang='grc'><strong>01111165</strong></span> <span class='ocrx_word' id='word_1_74' title='bbox 350 713 482 764; x_wconf 84' lang='lat' dir='ltr'>copiae</span> <span class='ocrx_word' id='word_1_75' title='bbox 504 713 543 751; x_wconf 94' lang='lat' dir='ltr'>in</span> <span class='ocrx_word' id='word_1_76' title='bbox 565 725 638 751; x_wconf 92' lang='lat' dir='ltr'>usu</span> <span class='ocrx_word' id='word_1_77' title='bbox 661 714 856 752; x_wconf 87' lang='lat' dir='ltr'>cotidiano</span> <span class='ocrx_word' id='word_1_78' title='bbox 881 720 918 752; x_wconf 88' lang='lat' dir='ltr'>et</span> <span class='ocrx_word' id='word_1_79' title='bbox 941 715 1050 753; x_wconf 89' lang='lat' dir='ltr'>cultu</span> <span class='ocrx_word' id='word_1_80' title='bbox 1072 716 1244 766; x_wconf 87' lang='lat' dir='ltr'>corporis</span> <span class='ocrx_word' id='word_1_81' title='bbox 1266 722 1386 754; x_wconf 85' lang='lat' dir='ltr'>erant.</span> 
     </span>
    </p>

    <p class='ocr_par' dir='ltr' id='par_1_4' title="bbox 99 769 1562 1610">
     <span class='ocr_line' id='line_1_11' title="bbox 219 769 1560 820; baseline 0.003 -12"><span class='ocrx_word' id='word_1_82' title='bbox 219 770 313 808; x_wconf 88' lang='lat' dir='ltr'>Post</span> <span class='ocrx_word' id='word_1_83' title='bbox 333 783 422 808; x_wconf 83' lang='lat' dir='ltr'>eun]</span> <span class='ocrx_word' id='word_1_84' title='bbox 445 770 547 808; x_wconf 89' lang='lat' dir='ltr'>diem</span> <span class='ocrx_word' id='word_1_85' title='bbox 570 769 728 820; x_wconf 81' lang='lat' dir='ltr'>quidam</span> <span class='ocrx_word' id='word_1_86' title='bbox 750 769 790 807; x_wconf 93' lang='lat' dir='ltr'>L.</span> <span class='ocrx_word' id='word_1_87' title='bbox 810 770 1044 820; x_wconf 85' lang='lat' dir='ltr'>Tarquinius</span> <span class='ocrx_word' id='word_1_88' title='bbox 1065 772 1109 810; x_wconf 82' lang='lat' dir='ltr'>ad</span> <span class='ocrx_word' id='word_1_89' title='bbox 1128 779 1305 811; x_wconf 82' lang='lat' dir='ltr'>senatum</span> <span class='ocrx_word' id='word_1_90' title='bbox 1328 773 1516 812; x_wconf 84' lang='lat' dir='ltr'>adductus</span> <span class='ocrx_word' id='word_1_91' title='bbox 1541 783 1560 814; x_wconf 91' lang='lat'>3</span> 
     </span>
     <span class='ocr_line' id='line_1_12' title="bbox 107 826 1516 877; baseline 0.001 -12"><span class='ocrx_word' id='word_1_92' title='bbox 107 832 201 873; x_wconf 89' lang='lat' dir='ltr'>erat,</span> <span class='ocrx_word' id='word_1_93' title='bbox 224 839 339 877; x_wconf 89' lang='lat' dir='ltr'>quem</span> <span class='ocrx_word' id='word_1_94' title='bbox 362 827 409 865; x_wconf 91' lang='lat' dir='ltr'>ad</span> <span class='ocrx_word' id='word_1_95' title='bbox 432 826 631 865; x_wconf 85' lang='lat' dir='ltr'>Catilinam</span> <span class='ocrx_word' id='word_1_96' title='bbox 654 826 966 877; x_wconf 84' lang='lat' dir='ltr'>proficiscentem</span> <span class='ocrx_word' id='word_1_97' title='bbox 982 840 1028 865; x_wconf 80' lang='grc'>611</span> <span class='ocrx_word' id='word_1_98' title='bbox 1045 828 1185 866; x_wconf 88' lang='lat' dir='ltr'>itinere</span> <span class='ocrx_word' id='word_1_99' title='bbox 1200 835 1411 867; x_wconf 89' lang='lat' dir='ltr'>retractum</span> <span class='ocrx_word' id='word_1_100' title='bbox 1436 829 1516 867; x_wconf 88' lang='lat' dir='ltr'>aie-</span> 
     </span>
     <span class='ocr_line' id='line_1_13' title="bbox 105 882 1562 931; baseline 0.001 -9"><span class='ocrx_word' id='word_1_101' title='bbox 105 883 211 922; x_wconf 87' lang='lat' dir='ltr'>bant.</span> <span class='ocrx_word' id='word_1_102' title='bbox 271 882 326 927; x_wconf 83' lang='lat' dir='ltr'>Is,</span> <span class='ocrx_word' id='word_1_103' title='bbox 355 895 442 921; x_wconf 91' lang='lat' dir='ltr'>cum</span> <span class='ocrx_word' id='word_1_104' title='bbox 469 895 509 921; x_wconf 88' lang='lat' dir='ltr'>se</span> <span class='ocrx_word' id='word_1_105' title='bbox 531 883 675 921; x_wconf 87' lang='lat' dir='ltr'>diceret</span> <span class='ocrx_word' id='word_1_106' title='bbox 698 882 959 922; x_wconf 85' lang='lat' dir='ltr'>indicaturum</span> <span class='ocrx_word' id='word_1_107' title='bbox 982 884 1029 922; x_wconf 90' lang='lat' dir='ltr'>de</span> <span class='ocrx_word' id='word_1_108' title='bbox 1051 884 1335 931; x_wconf 84' lang='lat' dir='ltr'>coniuratione,</span> <span class='ocrx_word' id='word_1_109' title='bbox 1368 886 1400 923; x_wconf 93' lang='lat' dir='ltr'>si</span> <span class='ocrx_word' id='word_1_110' title='bbox 1420 885 1516 924; x_wconf 86' lang='lat' dir='ltr'>fides</span> <span class='ocrx_word' id='word_1_111' title='bbox 1542 901 1562 929; x_wconf 86' lang='lat'>4</span> 
     </span>
     <span class='ocr_line' id='line_1_14' title="bbox 105 938 1512 990; baseline 0.002 -13"><span class='ocrx_word' id='word_1_112' title='bbox 105 938 257 990; x_wconf 91' lang='lat' dir='ltr'>publica</span> <span class='ocrx_word' id='word_1_113' title='bbox 285 939 369 977; x_wconf 81' lang='lat' dir='ltr'>data</span> <span class='ocrx_word' id='word_1_114' title='bbox 401 946 519 981; x_wconf 81' lang='lat' dir='ltr'>esset,</span> <span class='ocrx_word' id='word_1_115' title='bbox 548 938 674 977; x_wconf 90' lang='lat' dir='ltr'>iussus</span> <span class='ocrx_word' id='word_1_116' title='bbox 707 952 727 977; x_wconf 88' lang='lat' dir='ltr'>a</span> <span class='ocrx_word' id='word_1_117' title='bbox 748 940 908 977; x_wconf 88' lang='lat' dir='ltr'>consule</span> <span class='ocrx_word' id='word_1_118' title='bbox 930 951 1026 989; x_wconf 89' lang='lat' dir='ltr'>quae</span> <span class='ocrx_word' id='word_1_119' title='bbox 1048 940 1166 979; x_wconf 87' lang='lat' dir='ltr'>sciret</span> <span class='ocrx_word' id='word_1_120' title='bbox 1187 941 1351 986; x_wconf 84' lang='lat' dir='ltr'>edicere,</span> <span class='ocrx_word' id='word_1_121' title='bbox 1374 942 1512 980; x_wconf 90' lang='lat' dir='ltr'>eadem</span> 
     </span>
     <span class='ocr_line' id='line_1_15' title="bbox 103 995 1511 1046; baseline 0.001 -12"><span class='ocrx_word' id='word_1_122' title='bbox 103 996 186 1034; x_wconf 85' lang='lat' dir='ltr'>fere</span> <span class='ocrx_word' id='word_1_123' title='bbox 207 1008 304 1046; x_wconf 87' lang='lat' dir='ltr'>quae</span> <span class='ocrx_word' id='word_1_124' title='bbox 326 995 541 1034; x_wconf 81' lang='lat' dir='ltr'>Volturcius</span> <span class='ocrx_word' id='word_1_125' title='bbox 563 995 610 1033; x_wconf 89' lang='lat' dir='ltr'>de</span> <span class='ocrx_word' id='word_1_126' title='bbox 631 995 775 1046; x_wconf 84' lang='lat' dir='ltr'>paratis</span> <span class='ocrx_word' id='word_1_127' title='bbox 803 996 993 1034; x_wconf 77' lang='lat' dir='ltr'>incendiis</span> <span class='ocrx_word' id='word_1_128' title='bbox 1023 996 1069 1034; x_wconf 88' lang='lat' dir='ltr'>de</span> <span class='ocrx_word' id='word_1_129' title='bbox 1101 997 1217 1036; x_wconf 88' lang='lat' dir='ltr'>caede</span> <span class='ocrx_word' id='word_1_130' title='bbox 1246 997 1440 1036; x_wconf 87' lang='lat' dir='ltr'>bonorum</span> <span class='ocrx_word' id='word_1_131' title='bbox 1464 998 1511 1037; x_wconf 90' lang='lat' dir='ltr'>de</span> 
     </span>
     <span class='ocr_line' id='line_1_16' title="bbox 102 1051 1512 1102; baseline 0.002 -12"><span class='ocrx_word' id='word_1_132' title='bbox 102 1051 243 1091; x_wconf 86' lang='lat' dir='ltr'>itinere</span> <span class='ocrx_word' id='word_1_133' title='bbox 265 1052 433 1090; x_wconf 86' lang='lat' dir='ltr'>hostium</span> <span class='ocrx_word' id='word_1_134' title='bbox 457 1058 633 1090; x_wconf 87' lang='lat' dir='ltr'>senatum</span> <span class='ocrx_word' id='word_1_135' title='bbox 651 1052 781 1090; x_wconf 84' lang='lat' dir='ltr'>docet:</span> <span class='ocrx_word' id='word_1_136' title='bbox 804 1058 1003 1102; x_wconf 87' lang='lat' dir='ltr'>praeterea</span> <span class='ocrx_word' id='word_1_137' title='bbox 1025 1065 1066 1091; x_wconf 91' lang='lat' dir='ltr'>se</span> <span class='ocrx_word' id='word_1_138' title='bbox 1089 1054 1248 1092; x_wconf 86' lang='lat' dir='ltr'>missum</span> <span class='ocrx_word' id='word_1_139' title='bbox 1268 1067 1286 1093; x_wconf 93' lang='lat' dir='ltr'>a</span> <span class='ocrx_word' id='word_1_140' title='bbox 1304 1054 1512 1097; x_wconf 77' lang='lat' dir='ltr'>M.Crasso,</span> 
     </span>
     <span class='ocr_line' id='line_1_17' title="bbox 104 1108 1511 1162; baseline 0.001 -15"><span class='ocrx_word' id='word_1_141' title='bbox 104 1109 170 1160; x_wconf 89' lang='lat' dir='ltr'>qui</span> <span class='ocrx_word' id='word_1_142' title='bbox 193 1108 378 1147; x_wconf 81' lang='lat' dir='ltr'>Catilinae</span> <span class='ocrx_word' id='word_1_143' title='bbox 400 1109 608 1153; x_wconf 86' lang='lat' dir='ltr'>nuntiaret,</span> <span class='ocrx_word' id='word_1_144' title='bbox 638 1120 687 1146; x_wconf 90' lang='lat' dir='ltr'>ne</span> <span class='ocrx_word' id='word_1_145' title='bbox 710 1120 797 1146; x_wconf 87' lang='lat' dir='ltr'>eum</span> <span class='ocrx_word' id='word_1_146' title='bbox 821 1108 1009 1147; x_wconf 83' lang='lat' dir='ltr'>Lentulus</span> <span class='ocrx_word' id='word_1_147' title='bbox 1031 1115 1068 1148; x_wconf 82' lang='lat' dir='ltr'>et</span> <span class='ocrx_word' id='word_1_148' title='bbox 1089 1110 1281 1160; x_wconf 85' lang='lat' dir='ltr'>Cethegus</span> <span class='ocrx_word' id='word_1_149' title='bbox 1301 1110 1443 1162; x_wconf 86' lang='lat' dir='ltr'>aliique</span> <span class='ocrx_word' id='word_1_150' title='bbox 1465 1124 1511 1149; x_wconf 81' lang='lat' dir='ltr'>ex</span> 
     </span>
     <span class='ocr_line' id='line_1_18' title="bbox 103 1164 1511 1217; baseline 0.002 -14"><span class='ocrx_word' id='word_1_151' title='bbox 103 1164 371 1203; x_wconf 85' lang='lat' dir='ltr'>coniuratione</span> <span class='ocrx_word' id='word_1_152' title='bbox 393 1165 626 1215; x_wconf 83' lang='lat' dir='ltr'>deprehensi</span> <span class='ocrx_word' id='word_1_153' title='bbox 642 1170 848 1209; x_wconf 81' lang='lat' dir='ltr'>terrerent,</span> <span class='ocrx_word' id='word_1_154' title='bbox 868 1177 993 1215; x_wconf 88' lang='lat' dir='ltr'>eoque</span> <span class='ocrx_word' id='word_1_155' title='bbox 1010 1166 1129 1216; x_wconf 84' lang='lat' dir='ltr'>magis</span> <span class='ocrx_word' id='word_1_156' title='bbox 1146 1175 1375 1217; x_wconf 87' lang='lat' dir='ltr'>properaret</span> <span class='ocrx_word' id='word_1_157' title='bbox 1385 1168 1428 1206; x_wconf 80' lang='lat' dir='ltr'>ad</span> <span class='ocrx_word' id='word_1_158' title='bbox 1442 1179 1511 1206; x_wconf 90' lang='lat' dir='ltr'>ur-</span> 
     </span>
     <span class='ocr_line' id='line_1_19' title="bbox 101 1220 1510 1272; baseline 0.001 -12"><span class='ocrx_word' id='word_1_159' title='bbox 101 1220 192 1260; x_wconf 89' lang='lat' dir='ltr'>bem</span> <span class='ocrx_word' id='word_1_160' title='bbox 215 1221 408 1265; x_wconf 80' lang='lat' dir='ltr'>accedere,</span> <span class='ocrx_word' id='word_1_161' title='bbox 427 1233 503 1272; x_wconf 90' lang='lat' dir='ltr'>quo</span> <span class='ocrx_word' id='word_1_162' title='bbox 523 1228 561 1259; x_wconf 93' lang='lat' dir='ltr'>et</span> <span class='ocrx_word' id='word_1_163' title='bbox 579 1227 801 1259; x_wconf 85' lang='lat' dir='ltr'>ceterorum</span> <span class='ocrx_word' id='word_1_164' title='bbox 823 1221 972 1260; x_wconf 91' lang='lat' dir='ltr'>animos</span> <span class='ocrx_word' id='word_1_165' title='bbox 994 1223 1168 1261; x_wconf 88' lang='lat' dir='ltr'>reficeret</span> <span class='ocrx_word' id='word_1_166' title='bbox 1190 1230 1229 1262; x_wconf 88' lang='lat' dir='ltr'>et</span> <span class='ocrx_word' id='word_1_167' title='bbox 1249 1223 1301 1262; x_wconf 91' lang='lat' dir='ltr'>illi</span> <span class='ocrx_word' id='word_1_168' title='bbox 1323 1224 1473 1263; x_wconf 86' lang='lat' dir='ltr'>facilius</span> <span class='ocrx_word' id='word_1_169' title='bbox 1490 1236 1510 1262; x_wconf 91' lang='lat' dir='ltr'>e</span> 
     </span>
     <span class='ocr_line' id='line_1_20' title="bbox 101 1276 1557 1329; baseline 0.001 -13"><span class='ocrx_word' id='word_1_170' title='bbox 101 1278 273 1329; x_wconf 89' lang='lat' dir='ltr'>periculo</span> <span class='ocrx_word' id='word_1_171' title='bbox 309 1278 566 1328; x_wconf 84' lang='lat' dir='ltr'>eriperentur.</span> <span class='ocrx_word' id='word_1_172' title='bbox 627 1276 702 1315; x_wconf 89' lang='lat' dir='ltr'>Sed</span> <span class='ocrx_word' id='word_1_173' title='bbox 733 1276 801 1315; x_wconf 90' lang='lat' dir='ltr'>ubi</span> <span class='ocrx_word' id='word_1_174' title='bbox 824 1277 1058 1329; x_wconf 90' lang='lat' dir='ltr'>Tarquinius</span> <span class='ocrx_word' id='word_1_175' title='bbox 1081 1279 1260 1318; x_wconf 81' lang='lat' dir='ltr'>Crassum</span> <span class='ocrx_word' id='word_1_176' title='bbox 1282 1280 1510 1326; x_wconf 88' lang='lat' dir='ltr'>nominavit,</span> <span class='ocrx_word' id='word_1_177' title='bbox 1539 1295 1557 1325; x_wconf 86' lang='lat'>5</span> 
     </span>
     <span class='ocr_line' id='line_1_21' title="bbox 101 1333 1510 1386; baseline 0.002 -14"><span class='ocrx_word' id='word_1_178' title='bbox 101 1334 301 1373; x_wconf 89' lang='lat' dir='ltr'>hominem</span> <span class='ocrx_word' id='word_1_179' title='bbox 330 1333 497 1372; x_wconf 87' lang='lat' dir='ltr'>nobilem</span> <span class='ocrx_word' id='word_1_180' title='bbox 529 1333 720 1371; x_wconf 79' lang='lat' dir='ltr'>maxumis</span> <span class='ocrx_word' id='word_1_181' title='bbox 752 1333 892 1372; x_wconf 76' lang='lat' dir='ltr'>divitiis</span> <span class='ocrx_word' id='word_1_182' title='bbox 923 1347 1071 1373; x_wconf 89' lang='lat' dir='ltr'>summa</span> <span class='ocrx_word' id='word_1_183' title='bbox 1105 1336 1298 1386; x_wconf 82' lang='lat' dir='ltr'>potentia,</span> <span class='ocrx_word' id='word_1_184' title='bbox 1336 1336 1398 1375; x_wconf 89' lang='lat' dir='ltr'>alii</span> <span class='ocrx_word' id='word_1_185' title='bbox 1426 1349 1510 1375; x_wconf 89' lang='lat' dir='ltr'>rem</span> 
     </span>
     <span class='ocr_line' id='line_1_22' title="bbox 100 1389 1509 1444; baseline 0.003 -16"><span class='ocrx_word' id='word_1_186' title='bbox 100 1390 369 1429; x_wconf 82' lang='lat' dir='ltr'>incredibilem</span> <span class='ocrx_word' id='word_1_187' title='bbox 389 1390 473 1435; x_wconf 87' lang='lat' dir='ltr'>rati,</span> <span class='ocrx_word' id='word_1_188' title='bbox 495 1402 595 1440; x_wconf 83' lang='lat' dir='ltr'>pars,</span> <span class='ocrx_word' id='word_1_189' title='bbox 618 1389 772 1428; x_wconf 88' lang='lat' dir='ltr'>tametsi</span> <span class='ocrx_word' id='word_1_190' title='bbox 793 1401 929 1428; x_wconf 78' lang='lat' dir='ltr'>verum</span> <span class='ocrx_word' id='word_1_191' title='bbox 946 1391 1242 1437; x_wconf 78' lang='lat' dir='ltr'>existumabant,</span> <span class='ocrx_word' id='word_1_192' title='bbox 1265 1400 1396 1431; x_wconf 75' lang='lat' dir='ltr'>tamen</span> <span class='ocrx_word' id='word_1_193' title='bbox 1419 1393 1509 1444; x_wconf 87' lang='lat' dir='ltr'>quia</span> 
     </span>
     <span class='ocr_line' id='line_1_23' title="bbox 99 1445 1510 1499; baseline 0.003 -15"><span class='ocrx_word' id='word_1_194' title='bbox 99 1446 141 1484; x_wconf 91' lang='lat' dir='ltr'>in</span> <span class='ocrx_word' id='word_1_195' title='bbox 160 1447 226 1485; x_wconf 89' lang='lat' dir='ltr'>tali</span> <span class='ocrx_word' id='word_1_196' title='bbox 245 1454 422 1497; x_wconf 74' lang='lat' dir='ltr'>tempore</span> <span class='ocrx_word' id='word_1_197' title='bbox 442 1452 548 1484; x_wconf 87' lang='lat' dir='ltr'>tanta</span> <span class='ocrx_word' id='word_1_198' title='bbox 566 1445 620 1484; x_wconf 77' lang='lat' dir='ltr'>vis</span> <span class='ocrx_word' id='word_1_199' title='bbox 638 1446 801 1484; x_wconf 86' lang='lat' dir='ltr'>hominis</span> <span class='ocrx_word' id='word_1_200' title='bbox 822 1446 1133 1496; x_wconf 82' lang='lat' dir='ltr'>magisleniunda</span> <span class='ocrx_word' id='word_1_201' title='bbox 1151 1461 1266 1499; x_wconf 85' lang='lat' dir='ltr'>quam</span> <span class='ocrx_word' id='word_1_202' title='bbox 1285 1449 1510 1499; x_wconf 79' lang='lat' dir='ltr'>exagitanda</span> 
     </span>
     <span class='ocr_line' id='line_1_24' title="bbox 99 1502 1509 1554; baseline 0.003 -14"><span class='ocrx_word' id='word_1_203' title='bbox 99 1504 313 1547; x_wconf 86' lang='lat' dir='ltr'>videbatur,</span> <span class='ocrx_word' id='word_1_204' title='bbox 345 1503 520 1553; x_wconf 84' lang='lat' dir='ltr'>plerique</span> <span class='ocrx_word' id='word_1_205' title='bbox 550 1502 687 1540; x_wconf 70' lang='lat' dir='ltr'>Crasso</span> <span class='ocrx_word' id='word_1_206' title='bbox 718 1515 763 1541; x_wconf 85' lang='lat' dir='ltr'>ex</span> <span class='ocrx_word' id='word_1_207' title='bbox 785 1502 949 1552; x_wconf 80' lang='lat' dir='ltr'>negotiis</span> <span class='ocrx_word' id='word_1_208' title='bbox 978 1504 1134 1554; x_wconf 85' lang='lat' dir='ltr'>privatis</span> <span class='ocrx_word' id='word_1_209' title='bbox 1157 1504 1329 1545; x_wconf 85' lang='lat' dir='ltr'>obnoxii.</span> <span class='ocrx_word' id='word_1_210' title='bbox 1352 1509 1509 1545; x_wconf 86' lang='lat' dir='ltr'>concla-</span> 
     </span>
     <span class='ocr_line' id='line_1_25' title="bbox 100 1558 1506 1610; baseline 0.002 -12"><span class='ocrx_word' id='word_1_211' title='bbox 100 1566 211 1598; x_wconf 87' lang='lat' dir='ltr'>mant</span> <span class='ocrx_word' id='word_1_212' title='bbox 229 1559 398 1598; x_wconf 88' lang='lat' dir='ltr'>indicem</span> <span class='ocrx_word' id='word_1_213' title='bbox 421 1560 560 1598; x_wconf 84' lang='lat' dir='ltr'>falsum</span> <span class='ocrx_word' id='word_1_214' title='bbox 589 1571 686 1604; x_wconf 89' lang='lat' dir='ltr'>esse,</span> <span class='ocrx_word' id='word_1_215' title='bbox 717 1558 842 1610; x_wconf 84' lang='lat' dir='ltr'>deque</span> <span class='ocrx_word' id='word_1_216' title='bbox 867 1572 908 1598; x_wconf 87' lang='lat' dir='ltr'>ea</span> <span class='ocrx_word' id='word_1_217' title='bbox 929 1571 972 1598; x_wconf 92' lang='lat' dir='ltr'>re</span> <span class='ocrx_word' id='word_1_218' title='bbox 993 1560 1193 1610; x_wconf 88' lang='lat' dir='ltr'>postulant</span> <span class='ocrx_word' id='word_1_219' title='bbox 1222 1561 1278 1600; x_wconf 92' lang='lat' dir='ltr'>uti</span> <span class='ocrx_word' id='word_1_220' title='bbox 1302 1564 1506 1601; x_wconf 85' lang='lat' dir='ltr'>referatur.</span> 
     </span>
    </p>
   </div>
   <div class='ocr_carea' id='block_1_3' title="bbox 93 1695 769 2682">
    <p class='ocr_par' dir='ltr' id='par_1_5' title="bbox 98 1695 769 1866">
     <span class='ocr_line' id='line_1_26' title="bbox 145 1695 769 1729; baseline -0.002 0"><span class='ocrx_word' id='word_1_221' title='bbox 145 1700 239 1729; x_wconf 81' lang='lat' dir='ltr'>ante:</span> <span class='ocrx_word' id='word_1_222' title='bbox 269 1697 414 1729; x_wconf 61' lang='lat' dir='ltr'>niimlieh</span> <span class='ocrx_word' id='word_1_223' title='bbox 442 1707 505 1728; x_wconf 82' lang='lat' dir='ltr'>vor</span> <span class='ocrx_word' id='word_1_224' title='bbox 534 1697 593 1728; x_wconf 86' lang='lat' dir='ltr'>der</span> <span class='ocrx_word' id='word_1_225' title='bbox 622 1695 769 1729; x_wconf 81' lang='lat' dir='ltr'>Ausffih-</span> 
     </span>
     <span class='ocr_line' id='line_1_27' title="bbox 99 1742 767 1784; baseline -0.003 -9"><span class='ocrx_word' id='word_1_226' title='bbox 99 1743 498 1784; x_wconf 83' lang='lat' dir='ltr'>rungdessseschlusses3</span> <span class='ocrx_word' id='word_1_227' title='bbox 517 1742 601 1774; x_wconf 86' lang='lat' dir='ltr'>deun</span> <span class='ocrx_word' id='word_1_228' title='bbox 621 1742 676 1774; x_wconf 87' lang='lat' dir='ltr'>bei</span> <span class='ocrx_word' id='word_1_229' title='bbox 695 1743 767 1777; x_wconf 89' lang='lat' dir='ltr'>dem</span> 
     </span>
     <span class='ocr_line' id='line_1_28' title="bbox 98 1787 769 1830; baseline -0.003 -10"><span class='ocrx_word' id='word_1_230' title='bbox 98 1788 226 1820; x_wconf 83' lang='lat' dir='ltr'>Fassen</span> <span class='ocrx_word' id='word_1_231' title='bbox 243 1788 417 1819; x_wconf 86' lang='lat' dir='ltr'>desselben</span> <span class='ocrx_word' id='word_1_232' title='bbox 441 1798 513 1819; x_wconf 83' lang='lat' dir='ltr'>war</span> <span class='ocrx_word' id='word_1_233' title='bbox 546 1787 642 1830; x_wconf 88' lang='lat' dir='ltr'>Caep.</span> <span class='ocrx_word' id='word_1_234' title='bbox 677 1788 769 1819; x_wconf 85' lang='lat' dir='ltr'>nicht</span> 
     </span>
     <span class='ocr_line' id='line_1_29' title="bbox 98 1834 287 1866; baseline -0.011 0"><span class='ocrx_word' id='word_1_235' title='bbox 98 1834 287 1866; x_wconf 82' lang='lat' dir='ltr'>anwesend.</span> 
     </span>
    </p>

    <p class='ocr_par' dir='ltr' id='par_1_6' title="bbox 146 1877 721 1911">
     <span class='ocr_line' id='line_1_30' title="bbox 146 1877 721 1911; baseline -0.003 0"><span class='ocrx_word' id='word_1_236' title='bbox 146 1877 318 1911; x_wconf 72' lang='lat' dir='ltr'>Terentio:</span> <span class='ocrx_word' id='word_1_237' title='bbox 337 1878 428 1909; x_wconf 84' lang='lat' dir='ltr'>nicht</span> <span class='ocrx_word' id='word_1_238' title='bbox 445 1877 548 1909; x_wconf 71' lang='grc'><strong>11111161·</strong></span> <span class='ocrx_word' id='word_1_239' title='bbox 564 1877 721 1909; x_wconf 84' lang='lat' dir='ltr'>bekannt.</span> 
     </span>
    </p>

    <p class='ocr_par' dir='ltr' id='par_1_7' title="bbox 95 1917 766 2226">
     <span class='ocr_line' id='line_1_31' title="bbox 143 1917 766 1964; baseline -0.003 -8"><span class='ocrx_word' id='word_1_240' title='bbox 143 1917 212 1956; x_wconf 77' lang='grc'>48.</span> <span class='ocrx_word' id='word_1_241' title='bbox 253 1926 281 1956; x_wconf 91' lang='lat'>1.</span> <span class='ocrx_word' id='word_1_242' title='bbox 318 1925 401 1955; x_wconf 83' lang='lat' dir='ltr'>coni.</span> <span class='ocrx_word' id='word_1_243' title='bbox 428 1924 619 1964; x_wconf 76' lang='lat' dir='ltr'>patel&#39;acla:</span> <span class='ocrx_word' id='word_1_244' title='bbox 648 1923 766 1955; x_wconf 85' lang='lat' dir='ltr'>Cicero</span> 
     </span>
     <span class='ocr_line' id='line_1_32' title="bbox 96 1968 765 2001; baseline -0.003 0"><span class='ocrx_word' id='word_1_245' title='bbox 96 1969 180 2001; x_wconf 86' lang='lat' dir='ltr'>hielt</span> <span class='ocrx_word' id='word_1_246' title='bbox 195 1969 279 2000; x_wconf 86' lang='lat' dir='ltr'>noch</span> <span class='ocrx_word' id='word_1_247' title='bbox 308 1978 360 1999; x_wconf 86' lang='lat' dir='ltr'>am</span> <span class='ocrx_word' id='word_1_248' title='bbox 375 1968 488 1999; x_wconf 78' lang='lat' dir='ltr'>Abend</span> <span class='ocrx_word' id='word_1_249' title='bbox 524 1968 697 2000; x_wconf 84' lang='lat' dir='ltr'>desselben</span> <span class='ocrx_word' id='word_1_250' title='bbox 735 1969 765 2000; x_wconf 90' lang='lat'>3.</span> 
     </span>
     <span class='ocr_line' id='line_1_33' title="bbox 96 2013 764 2054; baseline -0.003 -8"><span class='ocrx_word' id='word_1_251' title='bbox 96 2014 175 2046; x_wconf 81' lang='lat' dir='ltr'>Dee.</span> <span class='ocrx_word' id='word_1_252' title='bbox 193 2013 303 2054; x_wconf 79' lang='lat' dir='ltr'>gleich</span> <span class='ocrx_word' id='word_1_253' title='bbox 333 2013 415 2045; x_wconf 84' lang='lat' dir='ltr'>nach</span> <span class='ocrx_word' id='word_1_254' title='bbox 433 2014 492 2045; x_wconf 90' lang='lat' dir='ltr'>der</span> <span class='ocrx_word' id='word_1_255' title='bbox 511 2013 764 2054; x_wconf 78' lang='lat' dir='ltr'>Senatssitzung</span> 
     </span>
     <span class='ocr_line' id='line_1_34' title="bbox 97 2057 761 2091; baseline 0 -1"><span class='ocrx_word' id='word_1_256' title='bbox 97 2059 150 2091; x_wconf 85' lang='lat' dir='ltr'>die</span> <span class='ocrx_word' id='word_1_257' title='bbox 183 2059 287 2090; x_wconf 81' lang='lat' dir='ltr'>dritte</span> <span class='ocrx_word' id='word_1_258' title='bbox 307 2058 396 2090; x_wconf 79' lang='lat' dir='ltr'>Rede</span> <span class='ocrx_word' id='word_1_259' title='bbox 429 2059 462 2089; x_wconf 91' lang='lat' dir='ltr'>in</span> <span class='ocrx_word' id='word_1_260' title='bbox 498 2057 568 2090; x_wconf 80' lang='lat' dir='ltr'>Cat.</span> <span class='ocrx_word' id='word_1_261' title='bbox 602 2058 661 2090; x_wconf 81' lang='lat' dir='ltr'>auf</span> <span class='ocrx_word' id='word_1_262' title='bbox 689 2059 761 2090; x_wconf 85' lang='lat' dir='ltr'>dem</span> 
     </span>
     <span class='ocr_line' id='line_1_35' title="bbox 95 2102 763 2143; baseline 0 -7"><span class='ocrx_word' id='word_1_263' title='bbox 95 2103 216 2136; x_wconf 89' lang='lat' dir='ltr'>Forum</span> <span class='ocrx_word' id='word_1_264' title='bbox 234 2103 279 2135; x_wconf 83' lang='lat' dir='ltr'>ad</span> <span class='ocrx_word' id='word_1_265' title='bbox 304 2102 457 2143; x_wconf 55' lang='lat' dir='ltr'>Quirites,</span> <span class='ocrx_word' id='word_1_266' title='bbox 486 2103 592 2134; x_wconf 79' lang='lat' dir='ltr'>worin</span> <span class='ocrx_word' id='word_1_267' title='bbox 626 2114 663 2135; x_wconf 87' lang='lat' dir='ltr'>er</span> <span class='ocrx_word' id='word_1_268' title='bbox 679 2104 763 2136; x_wconf 87' lang='lat' dir='ltr'>iiber</span> 
     </span>
     <span class='ocr_line' id='line_1_36' title="bbox 97 2148 761 2181; baseline -0.002 0"><span class='ocrx_word' id='word_1_269' title='bbox 97 2150 157 2181; x_wconf 84' lang='lat' dir='ltr'>das</span> <span class='ocrx_word' id='word_1_270' title='bbox 196 2149 328 2181; x_wconf 78' lang='lat' dir='ltr'>Verbo&#39;i·</span> <span class='ocrx_word' id='word_1_271' title='bbox 368 2149 434 2179; x_wconf 84' lang='lat' dir='ltr'>und</span> <span class='ocrx_word' id='word_1_272' title='bbox 483 2148 537 2180; x_wconf 91' lang='lat' dir='ltr'>die</span> <span class='ocrx_word' id='word_1_273' title='bbox 578 2148 761 2181; x_wconf 88' lang='lat' dir='ltr'>Senatsbe—</span> 
     </span>
     <span class='ocr_line' id='line_1_37' title="bbox 96 2194 460 2226; baseline -0.005 0"><span class='ocrx_word' id='word_1_274' title='bbox 96 2194 247 2226; x_wconf 87' lang='lat' dir='ltr'>schliisse</span> <span class='ocrx_word' id='word_1_275' title='bbox 264 2194 460 2226; x_wconf 80' lang='lat' dir='ltr'>herichtete.</span> 
     </span>
    </p>

    <p class='ocr_par' dir='ltr' id='par_1_8' title="bbox 93 2238 760 2595">
     <span class='ocr_line' id='line_1_38' title="bbox 141 2238 760 2278; baseline 0.002 -8"><span class='ocrx_word' id='word_1_276' title='bbox 141 2240 171 2270; x_wconf 86' lang='lat'>2.</span> <span class='ocrx_word' id='word_1_277' title='bbox 198 2250 279 2271; x_wconf 82' lang='lat' dir='ltr'>usu:</span> <span class='ocrx_word' id='word_1_278' title='bbox 297 2239 341 2270; x_wconf 85' lang='lat' dir='ltr'>im</span> <span class='ocrx_word' id='word_1_279' title='bbox 360 2243 539 2271; x_wconf 83' lang='lat' dir='ltr'>concreten</span> <span class='ocrx_word' id='word_1_280' title='bbox 559 2238 673 2278; x_wconf 84' lang='lat' dir='ltr'>Sinne,</span> <span class='ocrx_word' id='word_1_281' title='bbox 695 2239 760 2271; x_wconf 82' lang='lat' dir='ltr'>wie</span> 
     </span>
     <span class='ocr_line' id='line_1_39' title="bbox 95 2283 760 2325; baseline 0 -9"><span class='ocrx_word' id='word_1_282' title='bbox 95 2284 173 2316; x_wconf 82' lang='lat' dir='ltr'>Tac.</span> <span class='ocrx_word' id='word_1_283' title='bbox 191 2285 243 2316; x_wconf 88' lang='lat' dir='ltr'>ub.</span> <span class='ocrx_word' id='word_1_284' title='bbox 253 2294 325 2316; x_wconf 81' lang='lat' dir='ltr'>exc.</span> <span class='ocrx_word' id='word_1_285' title='bbox 335 2284 365 2316; x_wconf 94' lang='lat' dir='ltr'>d.</span> <span class='ocrx_word' id='word_1_286' title='bbox 379 2288 414 2315; x_wconf 79' lang='grc' dir='ltr'>Α.</span> <span class='ocrx_word' id='word_1_287' title='bbox 426 2286 457 2323; x_wconf 83' lang='lat'>4,</span> <span class='ocrx_word' id='word_1_288' title='bbox 467 2284 508 2315; x_wconf 80' lang='lat'>30</span> <span class='ocrx_word' id='word_1_289' title='bbox 517 2283 704 2325; x_wconf 77' lang='lat' dir='ltr'>dandosque</span> <span class='ocrx_word' id='word_1_290' title='bbox 714 2286 760 2316; x_wconf 81' lang='grc' dir='ltr'>υί-</span> 
     </span>
     <span class='ocr_line' id='line_1_40' title="bbox 95 2329 758 2368; baseline 0.002 -8"><span class='ocrx_word' id='word_1_291' title='bbox 95 2330 280 2368; x_wconf 66' lang='lat' dir='ltr'>taeusnsffl.</span> <span class='ocrx_word' id='word_1_292' title='bbox 291 2330 310 2360; x_wconf 88' lang='lat' dir='ltr'>i.</span> <span class='ocrx_word' id='word_1_293' title='bbox 321 2329 449 2360; x_wconf 80' lang='lat' dir='ltr'>dandas</span> <span class='ocrx_word' id='word_1_294' title='bbox 456 2339 511 2361; x_wconf 79' lang='lat' dir='ltr'>res</span> <span class='ocrx_word' id='word_1_295' title='bbox 520 2329 566 2360; x_wconf 81' lang='lat' dir='ltr'>ad</span> <span class='ocrx_word' id='word_1_296' title='bbox 574 2332 637 2360; x_wconf 80' lang='lat' dir='ltr'>cita</span> <span class='ocrx_word' id='word_1_297' title='bbox 642 2340 675 2361; x_wconf 85' lang='lat' dir='ltr'>m</span> <span class='ocrx_word' id='word_1_298' title='bbox 685 2340 758 2361; x_wconf 75' lang='lat' dir='ltr'>sns-</span> 
     </span>
     <span class='ocr_line' id='line_1_41' title="bbox 95 2373 758 2411; baseline 0.002 -6"><span class='ocrx_word' id='word_1_299' title='bbox 95 2373 268 2406; x_wconf 79' lang='lat' dir='ltr'>tz&#39;nendam</span> <span class='ocrx_word' id='word_1_300' title='bbox 283 2377 513 2411; x_wconf 77' lang='lat' dir='ltr'>necessarias·‚</span> <span class='ocrx_word' id='word_1_301' title='bbox 528 2377 584 2406; x_wconf 72' lang='lat' dir='ltr'>cni</span> <span class='ocrx_word' id='word_1_302' title='bbox 600 2377 664 2406; x_wconf 75' lang='lat' dir='ltr'>vita</span> <span class='ocrx_word' id='word_1_303' title='bbox 683 2385 758 2406; x_wconf 81' lang='lat' dir='ltr'>con-</span> 
     </span>
     <span class='ocr_line' id='line_1_42' title="bbox 95 2418 756 2460; baseline 0.002 -9"><span class='ocrx_word' id='word_1_304' title='bbox 95 2418 282 2451; x_wconf 77' lang='lat' dir='ltr'>cederetur:</span> <span class='ocrx_word' id='word_1_305' title='bbox 299 2419 366 2460; x_wconf 86' lang='lat' dir='ltr'>vgl.</span> <span class='ocrx_word' id='word_1_306' title='bbox 384 2430 423 2450; x_wconf 90' lang='lat' dir='ltr'>zu</span> <span class='ocrx_word' id='word_1_307' title='bbox 443 2419 508 2460; x_wconf 86' lang='lat' dir='ltr'>lug.</span> <span class='ocrx_word' id='word_1_308' title='bbox 528 2419 582 2460; x_wconf 77' lang='lat'>84,</span> <span class='ocrx_word' id='word_1_309' title='bbox 599 2420 630 2451; x_wconf 89' lang='grc'>3.</span> <span class='ocrx_word' id='word_1_310' title='bbox 664 2420 756 2452; x_wconf 89' lang='lat' dir='ltr'>Eben</span> 
     </span>
     <span class='ocr_line' id='line_1_43' title="bbox 95 2464 756 2505; baseline 0 -9"><span class='ocrx_word' id='word_1_311' title='bbox 95 2475 132 2496; x_wconf 93' lang='lat' dir='ltr'>so</span> <span class='ocrx_word' id='word_1_312' title='bbox 163 2465 312 2496; x_wconf 63' lang='lat' dir='ltr'>sachlich</span> <span class='ocrx_word' id='word_1_313' title='bbox 341 2465 386 2496; x_wconf 85' lang='lat' dir='ltr'>ist</span> <span class='ocrx_word' id='word_1_314' title='bbox 410 2464 500 2497; x_wconf 80' lang='lat' dir='ltr'>cultu</span> <span class='ocrx_word' id='word_1_315' title='bbox 530 2476 570 2496; x_wconf 88' lang='lat' dir='ltr'>zu</span> <span class='ocrx_word' id='word_1_316' title='bbox 609 2466 756 2505; x_wconf 86' lang='lat' dir='ltr'>nehmen,</span> 
     </span>
     <span class='ocr_line' id='line_1_44' title="bbox 95 2509 757 2551; baseline 0.003 -11"><span class='ocrx_word' id='word_1_317' title='bbox 95 2509 297 2541; x_wconf 80' lang='lat' dir='ltr'>namentlich</span> <span class='ocrx_word' id='word_1_318' title='bbox 322 2520 386 2540; x_wconf 90' lang='lat' dir='ltr'>von</span> <span class='ocrx_word' id='word_1_319' title='bbox 415 2510 472 2541; x_wconf 87' lang='lat' dir='ltr'>der</span> <span class='ocrx_word' id='word_1_320' title='bbox 500 2509 686 2551; x_wconf 72' lang='lat' dir='ltr'>Kleidung3</span> <span class='ocrx_word' id='word_1_321' title='bbox 715 2521 757 2543; x_wconf 91' lang='lat' dir='ltr'>zu</span> 
     </span>
     <span class='ocr_line' id='line_1_45' title="bbox 93 2553 289 2595; baseline -0.015 -8"><span class='ocrx_word' id='word_1_322' title='bbox 93 2553 160 2595; x_wconf 82' lang='lat' dir='ltr'>lug.</span> <span class='ocrx_word' id='word_1_323' title='bbox 181 2556 235 2593; x_wconf 78' lang='lat'>75,</span> <span class='ocrx_word' id='word_1_324' title='bbox 262 2556 289 2587; x_wconf 94' lang='lat'>1.</span> 
     </span>
    </p>

    <p class='ocr_par' dir='ltr' id='par_1_9' title="bbox 139 2598 760 2643">
     <span class='ocr_line' id='line_1_46' title="bbox 139 2598 760 2643; baseline 0 -11"><span class='ocrx_word' id='word_1_325' title='bbox 139 2602 253 2632; x_wconf 80' lang='lat' dir='ltr'>erant:</span> <span class='ocrx_word' id='word_1_326' title='bbox 270 2599 336 2630; x_wconf 89' lang='lat' dir='ltr'>Der</span> <span class='ocrx_word' id='word_1_327' title='bbox 351 2598 546 2631; x_wconf 82' lang='lat' dir='ltr'>Iudic.nach</span> <span class='ocrx_word' id='word_1_328' title='bbox 563 2602 682 2642; x_wconf 77' lang='lat' dir='ltr'>quippe</span> <span class='ocrx_word' id='word_1_329' title='bbox 700 2603 760 2643; x_wconf 76' lang='lat' dir='ltr'>qui</span> 
     </span>
    </p>

    <p class='ocr_par' dir='ltr' id='par_1_10' title="bbox 166 2655 422 2682">
     <span class='ocr_line' id='line_1_47' title="bbox 166 2655 422 2682; baseline 0.004 -1"><span class='ocrx_word' id='word_1_330' title='bbox 166 2655 281 2682; x_wconf 72' lang='lat' dir='ltr'>Sallust.</span> <span class='ocrx_word' id='word_1_331' title='bbox 301 2658 326 2682; x_wconf 87' lang='grc'>5.</span> <span class='ocrx_word' id='word_1_332' title='bbox 346 2655 422 2682; x_wconf 80' lang='lat' dir='ltr'>Aufl.</span> 
     </span>
    </p>
   </div>
   <div class='ocr_carea' id='block_1_4' title="bbox 823 1697 1506 2644">
    <p class='ocr_par' dir='ltr' id='par_1_11' title="bbox 840 1697 1506 1784">
     <span class='ocr_line' id='line_1_48' title="bbox 840 1697 1506 1742; baseline 0.006 -13"><span class='ocrx_word' id='word_1_333' title='bbox 840 1697 887 1730; x_wconf 89' lang='lat' dir='ltr'>ist</span> <span class='ocrx_word' id='word_1_334' title='bbox 903 1697 956 1730; x_wconf 90' lang='lat' dir='ltr'>bei</span> <span class='ocrx_word' id='word_1_335' title='bbox 981 1697 1060 1730; x_wconf 84' lang='lat' dir='ltr'>Sall.</span> <span class='ocrx_word' id='word_1_336' title='bbox 1079 1699 1313 1741; x_wconf 68' lang='lat' dir='ltr'>regelm&#39;zil&#39;sig3</span> <span class='ocrx_word' id='word_1_337' title='bbox 1337 1711 1367 1732; x_wconf 88' lang='lat' dir='ltr'>z.</span> <span class='ocrx_word' id='word_1_338' title='bbox 1386 1701 1419 1732; x_wconf 90' lang='lat' dir='ltr'>B.</span> <span class='ocrx_word' id='word_1_339' title='bbox 1438 1699 1506 1742; x_wconf 85' lang='lat' dir='ltr'>lug.</span> 
     </span>
     <span class='ocr_line' id='line_1_49' title="bbox 842 1743 1050 1784; baseline 0.014 -11"><span class='ocrx_word' id='word_1_340' title='bbox 842 1743 872 1784; x_wconf 88' lang='grc'>7,</span> <span class='ocrx_word' id='word_1_341' title='bbox 890 1744 930 1781; x_wconf 71' lang='grc' dir='ltr'>ὃς</span> <span class='ocrx_word' id='word_1_342' title='bbox 951 1744 1004 1783; x_wconf 83' lang='grc'>20,</span> <span class='ocrx_word' id='word_1_343' title='bbox 1022 1745 1050 1776; x_wconf 86' lang='grc'>6.</span> 
     </span>
    </p>

    <p class='ocr_par' dir='ltr' id='par_1_12' title="bbox 886 1788 1431 1832">
     <span class='ocr_line' id='line_1_50' title="bbox 886 1788 1431 1832; baseline 0.004 -12"><span class='ocrx_word' id='word_1_344' title='bbox 886 1789 916 1820; x_wconf 91' lang='grc'>3.</span> <span class='ocrx_word' id='word_1_345' title='bbox 941 1792 1015 1830; x_wconf 80' lang='lat' dir='ltr'>post</span> <span class='ocrx_word' id='word_1_346' title='bbox 1030 1799 1106 1821; x_wconf 82' lang='lat' dir='ltr'>eum</span> <span class='ocrx_word' id='word_1_347' title='bbox 1123 1788 1206 1821; x_wconf 79' lang='lat' dir='ltr'>diem</span> <span class='ocrx_word' id='word_1_348' title='bbox 1225 1805 1239 1816; x_wconf 89' lang='lat'><strong>=</strong></span> <span class='ocrx_word' id='word_1_349' title='bbox 1252 1790 1431 1832; x_wconf 76' lang='lat' dir='ltr'>postridie.</span> 
     </span>
    </p>

    <p class='ocr_par' dir='ltr' id='par_1_13' title="bbox 838 1834 1504 1921">
     <span class='ocr_line' id='line_1_51' title="bbox 885 1834 1504 1876; baseline 0.005 -11"><span class='ocrx_word' id='word_1_350' title='bbox 885 1834 914 1865; x_wconf 73' lang='grc'>4,</span> <span class='ocrx_word' id='word_1_351' title='bbox 935 1836 1011 1875; x_wconf 80' lang='lat' dir='ltr'>qui:</span> <span class='ocrx_word' id='word_1_352' title='bbox 1043 1834 1103 1866; x_wconf 86' lang='lat' dir='ltr'>auf</span> <span class='ocrx_word' id='word_1_353' title='bbox 1116 1845 1152 1865; x_wconf 80' lang='lat' dir='ltr'>se</span> <span class='ocrx_word' id='word_1_354' title='bbox 1170 1845 1210 1866; x_wconf 90' lang='lat' dir='ltr'>zu</span> <span class='ocrx_word' id='word_1_355' title='bbox 1227 1835 1410 1867; x_wconf 87' lang='lat' dir='ltr'>beziehen:</span> <span class='ocrx_word' id='word_1_356' title='bbox 1435 1836 1504 1876; x_wconf 75' lang='lat' dir='ltr'>vgl.</span> 
     </span>
     <span class='ocr_line' id='line_1_52' title="bbox 838 1877 1208 1921; baseline -0.005 -9"><span class='ocrx_word' id='word_1_357' title='bbox 838 1877 860 1920; x_wconf 66' lang='grc' dir='ltr'>ξ</span> <span class='ocrx_word' id='word_1_358' title='bbox 880 1881 891 1912; x_wconf 88' lang='grc'>1</span> <span class='ocrx_word' id='word_1_359' title='bbox 910 1880 1019 1920; x_wconf 79' lang='lat' dir='ltr'>plebes</span> <span class='ocrx_word' id='word_1_360' title='bbox 1037 1904 1043 1911; x_wconf 92' lang='lat'>.</span> <span class='ocrx_word' id='word_1_361' title='bbox 1062 1904 1069 1911; x_wconf 90' lang='lat'>.</span> <span class='ocrx_word' id='word_1_362' title='bbox 1089 1904 1096 1911; x_wconf 88' lang='lat'>.</span> <span class='ocrx_word' id='word_1_363' title='bbox 1115 1890 1208 1921; x_wconf 77' lang='lat' dir='ltr'>quae.</span> 
     </span>
    </p>

    <p class='ocr_par' dir='ltr' id='par_1_14' title="bbox 833 1925 1505 2182">
     <span class='ocr_line' id='line_1_53' title="bbox 884 1925 1502 1966; baseline 0.003 -11"><span class='ocrx_word' id='word_1_364' title='bbox 884 1926 913 1955; x_wconf 78' lang='grc' dir='ltr'>ὁ.</span> <span class='ocrx_word' id='word_1_365' title='bbox 941 1928 1033 1956; x_wconf 81' lang='lat' dir='ltr'>tanta</span> <span class='ocrx_word' id='word_1_366' title='bbox 1054 1927 1102 1956; x_wconf 77' lang='lat' dir='ltr'>vis</span> <span class='ocrx_word' id='word_1_367' title='bbox 1125 1926 1294 1956; x_wconf 78' lang='lat' dir='ltr'>hominis:</span> <span class='ocrx_word' id='word_1_368' title='bbox 1322 1925 1392 1966; x_wconf 81' lang='lat' dir='ltr'>vgl.</span> <span class='ocrx_word' id='word_1_369' title='bbox 1423 1925 1454 1966; x_wconf 89' lang='lat'>8,</span> <span class='ocrx_word' id='word_1_370' title='bbox 1483 1926 1502 1957; x_wconf 90' lang='lat'>3</span> 
     </span>
     <span class='ocr_line' id='line_1_54' title="bbox 837 1970 1503 2012; baseline 0.002 -11"><span class='ocrx_word' id='word_1_371' title='bbox 837 1971 1038 2011; x_wconf 72' lang='lat' dir='ltr'>scriptmwn</span> <span class='ocrx_word' id='word_1_372' title='bbox 1055 1980 1182 2012; x_wconf 75' lang='lat' dir='ltr'>magna</span> <span class='ocrx_word' id='word_1_373' title='bbox 1203 1972 1351 2012; x_wconf 75' lang='lat' dir='ltr'>ingenia.</span> <span class='ocrx_word' id='word_1_374' title='bbox 1382 1970 1415 2002; x_wconf 92' lang='lat' dir='ltr'>ln</span> <span class='ocrx_word' id='word_1_375' title='bbox 1434 1971 1503 2002; x_wconf 75' lang='lat' dir='ltr'>bei-</span> 
     </span>
     <span class='ocr_line' id='line_1_55' title="bbox 836 2015 1500 2048; baseline 0.003 -2"><span class='ocrx_word' id='word_1_376' title='bbox 836 2016 895 2046; x_wconf 92' lang='lat' dir='ltr'>den</span> <span class='ocrx_word' id='word_1_377' title='bbox 916 2015 1032 2047; x_wconf 74' lang='lat' dir='ltr'>F‘allen</span> <span class='ocrx_word' id='word_1_378' title='bbox 1051 2016 1095 2047; x_wconf 89' lang='lat' dir='ltr'>ist</span> <span class='ocrx_word' id='word_1_379' title='bbox 1118 2016 1177 2047; x_wconf 82' lang='lat' dir='ltr'>mit</span> <span class='ocrx_word' id='word_1_380' title='bbox 1195 2016 1337 2047; x_wconf 66' lang='lat' dir='ltr'>Abs-ioht</span> <span class='ocrx_word' id='word_1_381' title='bbox 1367 2016 1424 2048; x_wconf 86' lang='lat' dir='ltr'>das</span> <span class='ocrx_word' id='word_1_382' title='bbox 1443 2016 1500 2048; x_wconf 88' lang='lat' dir='ltr'>Ei-</span> 
     </span>
     <span class='ocr_line' id='line_1_56' title="bbox 834 2061 1504 2101; baseline 0.001 -9"><span class='ocrx_word' id='word_1_383' title='bbox 834 2061 1146 2100; x_wconf 70' lang='lat' dir='ltr'>genschal‘tsnomen</span> <span class='ocrx_word' id='word_1_384' title='bbox 1170 2061 1446 2101; x_wconf 79' lang='lat' dir='ltr'>hervorgehoben</span> <span class='ocrx_word' id='word_1_385' title='bbox 1473 2073 1504 2093; x_wconf 92' lang='lat' dir='ltr'>u.</span> 
     </span>
     <span class='ocr_line' id='line_1_57' title="bbox 834 2105 1505 2147; baseline 0.003 -11"><span class='ocrx_word' id='word_1_386' title='bbox 834 2106 887 2137; x_wconf 87' lang='lat' dir='ltr'>die</span> <span class='ocrx_word' id='word_1_387' title='bbox 905 2105 1028 2137; x_wconf 87' lang='lat' dir='ltr'>Person</span> <span class='ocrx_word' id='word_1_388' title='bbox 1060 2106 1094 2137; x_wconf 88' lang='lat' dir='ltr'>in</span> <span class='ocrx_word' id='word_1_389' title='bbox 1122 2107 1184 2138; x_wconf 88' lang='lat' dir='ltr'>den</span> <span class='ocrx_word' id='word_1_390' title='bbox 1202 2105 1431 2146; x_wconf 84' lang='lat' dir='ltr'>Hintergrund</span> <span class='ocrx_word' id='word_1_391' title='bbox 1447 2117 1505 2147; x_wconf 85' lang='lat' dir='ltr'>ge-</span> 
     </span>
     <span class='ocr_line' id='line_1_58' title="bbox 833 2150 936 2182; baseline -0.01 0"><span class='ocrx_word' id='word_1_392' title='bbox 833 2150 936 2182; x_wconf 86' lang='lat' dir='ltr'>stellt.</span> 
     </span>
    </p>

    <p class='ocr_par' dir='ltr' id='par_1_15' title="bbox 876 2195 1438 2237">
     <span class='ocr_line' id='line_1_59' title="bbox 876 2195 1438 2237; baseline 0.002 -11"><span class='ocrx_word' id='word_1_393' title='bbox 876 2198 911 2226; x_wconf 80' lang='lat' dir='ltr'>in</span> <span class='ocrx_word' id='word_1_394' title='bbox 928 2196 992 2228; x_wconf 78' lang='lat' dir='ltr'>tali</span> <span class='ocrx_word' id='word_1_395' title='bbox 1005 2198 1155 2237; x_wconf 73' lang='lat' dir='ltr'>tempore</span> <span class='ocrx_word' id='word_1_396' title='bbox 1164 2208 1174 2227; x_wconf 95' lang='lat'>.·</span> <span class='ocrx_word' id='word_1_397' title='bbox 1193 2206 1233 2227; x_wconf 93' lang='lat' dir='ltr'>zu</span> <span class='ocrx_word' id='word_1_398' title='bbox 1248 2195 1306 2237; x_wconf 85' lang='lat' dir='ltr'>lug</span> <span class='ocrx_word' id='word_1_399' title='bbox 1336 2196 1390 2235; x_wconf 82' lang='lat'>66,</span> <span class='ocrx_word' id='word_1_400' title='bbox 1409 2195 1438 2227; x_wconf 94' lang='grc'>3.</span> 
     </span>
    </p>

    <p class='ocr_par' dir='ltr' id='par_1_16' title="bbox 830 2241 1506 2372">
     <span class='ocr_line' id='line_1_60' title="bbox 876 2241 1501 2282; baseline 0.003 -11"><span class='ocrx_word' id='word_1_401' title='bbox 876 2242 1013 2282; x_wconf 73' lang='lat' dir='ltr'>mag-is.-</span> <span class='ocrx_word' id='word_1_402' title='bbox 1031 2242 1149 2280; x_wconf 80' lang='lat' dir='ltr'>b&#39;iters,</span> <span class='ocrx_word' id='word_1_403' title='bbox 1180 2251 1215 2272; x_wconf 90' lang='lat' dir='ltr'>so</span> <span class='ocrx_word' id='word_1_404' title='bbox 1234 2241 1298 2272; x_wconf 69' lang='lat' dir='ltr'>uie</span> <span class='ocrx_word' id='word_1_405' title='bbox 1316 2241 1401 2282; x_wconf 87' lang='lat' dir='ltr'>hier,</span> <span class='ocrx_word' id='word_1_406' title='bbox 1430 2251 1501 2273; x_wconf 76' lang='lat' dir='ltr'>we-</span> 
     </span>
     <span class='ocr_line' id='line_1_61' title="bbox 832 2285 1500 2326; baseline 0.004 -10"><span class='ocrx_word' id='word_1_407' title='bbox 832 2285 890 2326; x_wconf 84' lang='lat' dir='ltr'>nig</span> <span class='ocrx_word' id='word_1_408' title='bbox 908 2296 969 2316; x_wconf 83' lang='lat' dir='ltr'>von</span> <span class='ocrx_word' id='word_1_409' title='bbox 986 2288 1100 2326; x_wconf 75' lang='lat' dir='ltr'>potius</span> <span class='ocrx_word' id='word_1_410' title='bbox 1132 2287 1372 2326; x_wconf 69' lang='grc' dir='ltr'><strong>νει-5611161166,</strong></span> <span class='ocrx_word' id='word_1_411' title='bbox 1406 2297 1437 2318; x_wconf 87' lang='grc'>11.</span> <span class='ocrx_word' id='word_1_412' title='bbox 1471 2297 1500 2319; x_wconf 82' lang='lat' dir='ltr'>a.</span> 
     </span>
     <span class='ocr_line' id='line_1_62' title="bbox 830 2327 1506 2372; baseline 0.003 -11"><span class='ocrx_word' id='word_1_413' title='bbox 830 2329 898 2372; x_wconf 82' lang='lat' dir='ltr'>Ing.</span> <span class='ocrx_word' id='word_1_414' title='bbox 918 2331 949 2370; x_wconf 79' lang='lat'>4,</span> <span class='ocrx_word' id='word_1_415' title='bbox 968 2332 1005 2369; x_wconf 73' lang='lat'>43</span> <span class='ocrx_word' id='word_1_416' title='bbox 1024 2332 1078 2370; x_wconf 76' lang='lat'>65,</span> <span class='ocrx_word' id='word_1_417' title='bbox 1097 2331 1126 2362; x_wconf 83' lang='lat'>2.</span> <span class='ocrx_word' id='word_1_418' title='bbox 1503 2327 1506 2331; x_wconf 73' lang='grc'><strong>’</strong></span> 
     </span>
    </p>

    <p class='ocr_par' dir='ltr' id='par_1_17' title="bbox 823 2374 1500 2597">
     <span class='ocr_line' id='line_1_63' title="bbox 875 2374 1500 2418; baseline 0.002 -11"><span class='ocrx_word' id='word_1_419' title='bbox 875 2378 1023 2418; x_wconf 75' lang='lat' dir='ltr'>neg-otiis</span> <span class='ocrx_word' id='word_1_420' title='bbox 1032 2377 1194 2417; x_wconf 74' lang='lat' dir='ltr'>privatis:</span> <span class='ocrx_word' id='word_1_421' title='bbox 1211 2374 1408 2408; x_wconf 88' lang='lat' dir='ltr'>bezeichnet</span> <span class='ocrx_word' id='word_1_422' title='bbox 1423 2376 1500 2409; x_wconf 86' lang='lat' dir='ltr'>hier</span> 
     </span>
     <span class='ocr_line' id='line_1_64' title="bbox 828 2421 1499 2461; baseline 0.003 -10"><span class='ocrx_word' id='word_1_423' title='bbox 828 2421 1080 2461; x_wconf 76' lang='lat' dir='ltr'>vornehuilich,</span> <span class='ocrx_word' id='word_1_424' title='bbox 1128 2431 1223 2452; x_wconf 82' lang='lat' dir='ltr'>wenn</span> <span class='ocrx_word' id='word_1_425' title='bbox 1275 2422 1358 2453; x_wconf 85' lang='lat' dir='ltr'>auch</span> <span class='ocrx_word' id='word_1_426' title='bbox 1407 2422 1499 2454; x_wconf 82' lang='lat' dir='ltr'>nieht</span> 
     </span>
     <span class='ocr_line' id='line_1_65' title="bbox 829 2466 1497 2506; baseline 0.003 -9"><span class='ocrx_word' id='word_1_427' title='bbox 829 2466 1112 2504; x_wconf 72' lang='lat' dir='ltr'>ausschliel&#39;slich‚</span> <span class='ocrx_word' id='word_1_428' title='bbox 1146 2466 1497 2506; x_wconf 62' lang='lat' dir='ltr'>Darlehnsgeschafte.</span> 
     </span>
     <span class='ocr_line' id='line_1_66' title="bbox 828 2510 1497 2553; baseline 0 -10"><span class='ocrx_word' id='word_1_429' title='bbox 828 2510 937 2544; x_wconf 71' lang='lat' dir='ltr'>Ueber</span> <span class='ocrx_word' id='word_1_430' title='bbox 959 2511 1098 2542; x_wconf 67' lang='lat' dir='ltr'>obnoxii</span> <span class='ocrx_word' id='word_1_431' title='bbox 1123 2511 1190 2552; x_wconf 80' lang='lat' dir='ltr'>vgl.</span> <span class='ocrx_word' id='word_1_432' title='bbox 1224 2522 1265 2542; x_wconf 90' lang='lat' dir='ltr'>zu</span> <span class='ocrx_word' id='word_1_433' title='bbox 1297 2512 1352 2553; x_wconf 80' lang='lat'>2⁰,</span> <span class='ocrx_word' id='word_1_434' title='bbox 1387 2512 1404 2543; x_wconf 91' lang='lat'><strong>7</strong></span> <span class='ocrx_word' id='word_1_435' title='bbox 1440 2512 1497 2543; x_wconf 89' lang='lat' dir='ltr'>bei</span> 
     </span>
     <span class='ocr_line' id='line_1_67' title="bbox 823 2557 952 2597; baseline -0.008 -9"><span class='ocrx_word' id='word_1_436' title='bbox 823 2557 952 2597; x_wconf 73' lang='lat' dir='ltr'>gratia.</span> 
     </span>
    </p>

    <p class='ocr_par' dir='ltr' id='par_1_18' title="bbox 873 2601 1492 2644">
     <span class='ocr_line' id='line_1_68' title="bbox 873 2601 1492 2644; baseline -0.002 -10"><span class='ocrx_word' id='word_1_437' title='bbox 873 2603 1070 2644; x_wconf 77' lang='lat' dir='ltr'>referatur:</span> <span class='ocrx_word' id='word_1_438' title='bbox 1107 2601 1252 2634; x_wconf 67' lang='lat' dir='ltr'>niimlich</span> <span class='ocrx_word' id='word_1_439' title='bbox 1291 2611 1311 2632; x_wconf 88' lang='grc' dir='ltr'><em>α</em></span> <span class='ocrx_word' id='word_1_440' title='bbox 1353 2601 1492 2633; x_wconf 75' lang='lat' dir='ltr'>consule.</span> 
     </span>
    </p>
   </div>
   <div class='ocr_carea' id='block_1_5' title="bbox 1216 2662 1235 2692">
    <p class='ocr_par' dir='ltr' id='par_1_19' title="bbox 1216 2662 1235 2692">
     <span class='ocr_line' id='line_1_69' title="bbox 1216 2662 1235 2692; baseline 0 0"><span class='ocrx_word' id='word_1_441' title='bbox 1216 2662 1235 2692; x_wconf 91' lang='lat'><strong>5</strong></span> 
     </span>
    </p>
   </div>
  </div>
 </body>
</html>
