1720 2875
477 107 558 140 DES
583 107 764 141 LEPIDUS
788 108 875 142 UND
901 108 1129 142 PfflLlPPUs.
1426 109 1429 115 '
1449 110 1526 148 221

131 211 228 249 nach
255 210 437 251 Etrurien
466 211 619 251 zuriick.
678 211 763 249 Von
790 211 929 250 beiden
950 212 1166 250 Feldherrn
1194 211 1367 261 zugleich
1396 212 1528 250 wurde

132 280 214 306 nun
241 266 410 318 Lepidus
441 268 503 307 hei
533 268 602 306 der
629 267 885 306 Kiistenstadt
914 268 1010 307 Cosa
1040 267 1238 306 noehmals
1267 267 1531 319 angeg1·iffen;

130 323 299 374 giinzlich
330 325 560 374 geschlagen
590 323 737 362 entssoh
766 336 807 362 er
837 325 934 362 nach
965 323 1182 362 Sardinien.
1233 324 1328 363 Dort
1351 323 1458 362 starb
1488 337 1532 363 er

132 380 230 418 noch
252 380 292 418 in
315 379 542 419 demselben
562 379 688 418 Jahre.

243 437 370 475 Ueher
398 436 598 487 Philippus
629 437 684 474 als
712 435 869 474 Redner
907 442 991 486 sagt
1019 436 1152 475 Cicero
1182 436 1305 480 (Brut.
1336 436 1401 481 47,
1435 436 1527 475 173}

133 493 274 531 duobus
301 495 415 543 iyitur
442 494 617 534 summis,
656 491 788 530 Crasso
817 499 848 530 et
876 492 1052 537 Antonio,
1089 491 1128 530 L.
1158 491 1352 542 Philippus
1375 504 1530 542 promu-

131 561 212 587 mus
241 548 451 593 accedebat,
488 549 550 587 sed
577 548 683 599 lonqo
710 549 908 587 intervallo
940 556 1066 587 tamen
1089 560 1323 598 promam&
1353 578 1360 586 .
1386 578 1393 586 .
1422 557 1530 587 erant

129 618 173 644 ea
199 607 238 643 in
267 604 453 655 Philippo,
490 617 603 655 quae,
640 607 705 656 qui
736 607 814 643 sine
851 608 1128 656 comparatione
1156 605 1311 643 illorum
1338 612 1530 655 spectaret,

129 663 218 699 satis
236 673 375 711 ‘maqna
397 661 552 699 diceret:
580 673 726 699 summa
754 661 907 700 libertas
932 664 970 700 in
993 664 1170 707 oratione,
1193 661 1333 699 multae
1352 662 1529 712 facetiae,·

127 719 218 756 satis
239 717 366 755 creber
393 719 431 755 in
458 718 695 768 reperiendis,
725 717 866 756 solutus
893 720 932 755 in
953 717 1186 768 emplicandis
1214 721 1420 764 sententiis;
1449 724 1530 756 erat

128 776 239 812 etiam
266 776 306 811 in
328 775 474 824 primis,
503 781 544 812 ut
570 774 794 824 temporibus
823 773 916 820 illis,
947 773 1096 812 Graecis
1125 775 1301 814 doctrinis
1327 777 1528 819 institutus,

128 832 167 868 in
202 829 418 868 attercando
454 842 537 868 cum
572 830 696 880 aliquo
735 829 863 868 aculeo
900 836 931 869 et
969 830 1160 869 maledicto
1194 832 1353 882 facetus.
1415 830 1526 879 (Der-

130 885 234 926 selbe
262 885 422 925 handelt
451 897 527 924 von
558 886 640 924 ihm
668 898 705 924 u.
728 899 758 925 a.
788 887 890 924 noch
919 886 1059 925 ebend.
1083 886 1148 930 50,
1176 886 1269 933 1863
1301 888 1346 926 de
1375 891 1469 925 orat.
1492 886 1529 931 2,

130 941 202 986 783
223 941 260 986 3,
286 943 339 990 1.)
