<?xml version="1.0" encoding="UTF-8"?>
<!DOCTYPE html PUBLIC "-//W3C//DTD XHTML 1.0 Transitional//EN"
    "http://www.w3.org/TR/xhtml1/DTD/xhtml1-transitional.dtd">
<html xmlns="http://www.w3.org/1999/xhtml" xml:lang="en" lang="en">
 <head>
  <title>
</title>
<meta http-equiv="Content-Type" content="text/html;charset=utf-8" />
  <meta name='ocr-system' content='tesseract 3.04.00' />
  <meta name='ocr-capabilities' content='ocr_page ocr_carea ocr_par ocr_line ocrx_word'/>
</head>
<body>
  <div class='ocr_page' id='page_1' title='image "./deconiurationeca00salluoft_0257.png"; bbox 0 0 1720 2875; ppageno 0'>
   <div class='ocr_carea' id='block_1_1' title="bbox 478 132 1089 166">
    <p class='ocr_par' dir='ltr' id='par_1_1' title="bbox 478 132 1089 166">
     <span class='ocr_line' id='line_1_1' title="bbox 478 132 1089 166; baseline 0 0"><span class='ocrx_word' id='word_1_1' title='bbox 478 133 638 166; x_wconf 76' lang='lat' dir='ltr'>ORATIO</span> <span class='ocrx_word' id='word_1_2' title='bbox 665 133 698 166; x_wconf 93' lang='lat' dir='ltr'>C.</span> <span class='ocrx_word' id='word_1_3' title='bbox 728 132 886 166; x_wconf 86' lang='lat' dir='ltr'><strong>AURELI</strong></span> <span class='ocrx_word' id='word_1_4' title='bbox 905 132 1089 166; x_wconf 85' lang='lat' dir='ltr'>COTTAE.</span> 
     </span>
    </p>
   </div>
   <div class='ocr_carea' id='block_1_2' title="bbox 1407 135 1487 173">
    <p class='ocr_par' dir='ltr' id='par_1_2' title="bbox 1407 135 1487 173">
     <span class='ocr_line' id='line_1_2' title="bbox 1407 135 1487 173; baseline 0 0"><span class='ocrx_word' id='word_1_5' title='bbox 1407 135 1487 173; x_wconf 79' lang='lat'>243</span> 
     </span>
    </p>
   </div>
   <div class='ocr_carea' id='block_1_3' title="bbox 72 236 1533 401">
    <p class='ocr_par' dir='ltr' id='par_1_3' title="bbox 72 236 1533 401">
     <span class='ocr_line' id='line_1_3' title="bbox 74 236 1484 283; baseline -0.001 -7"><span class='ocrx_word' id='word_1_6' title='bbox 74 238 169 277; x_wconf 90' lang='lat' dir='ltr'>rim:</span> <span class='ocrx_word' id='word_1_7' title='bbox 191 247 280 275; x_wconf 85' lang='lat' dir='ltr'>nam</span> <span class='ocrx_word' id='word_1_8' title='bbox 304 236 381 275; x_wconf 90' lang='lat' dir='ltr'>vita</span> <span class='ocrx_word' id='word_1_9' title='bbox 404 242 442 275; x_wconf 90' lang='lat' dir='ltr'>et</span> <span class='ocrx_word' id='word_1_10' title='bbox 463 248 573 275; x_wconf 90' lang='lat' dir='ltr'>mors</span> <span class='ocrx_word' id='word_1_11' title='bbox 591 236 679 274; x_wconf 79' lang='lat' dir='ltr'>iura</span> <span class='ocrx_word' id='word_1_12' title='bbox 696 240 858 274; x_wconf 81' lang='lat' dir='ltr'>natur-ae</span> <span class='ocrx_word' id='word_1_13' title='bbox 877 240 993 283; x_wconf 80' lang='lat' dir='ltr'>sunt3</span> <span class='ocrx_word' id='word_1_14' title='bbox 1017 240 1059 275; x_wconf 89' lang='lat' dir='ltr'>ut</span> <span class='ocrx_word' id='word_1_15' title='bbox 1079 237 1168 275; x_wconf 85' lang='lat' dir='ltr'>sine</span> <span class='ocrx_word' id='word_1_16' title='bbox 1183 236 1377 275; x_wconf 79' lang='lat' dir='ltr'>dedecore</span> <span class='ocrx_word' id='word_1_17' title='bbox 1394 249 1484 275; x_wconf 87' lang='lat' dir='ltr'>cum</span> 
     </span>
     <span class='ocr_line' id='line_1_4' title="bbox 74 291 1486 345; baseline -0.001 -12"><span class='ocrx_word' id='word_1_18' title='bbox 74 292 221 333; x_wconf 88' lang='lat' dir='ltr'>civibus</span> <span class='ocrx_word' id='word_1_19' title='bbox 242 294 343 332; x_wconf 81' lang='lat' dir='ltr'>fama</span> <span class='ocrx_word' id='word_1_20' title='bbox 365 298 402 331; x_wconf 92' lang='lat' dir='ltr'>et</span> <span class='ocrx_word' id='word_1_21' title='bbox 423 292 592 331; x_wconf 83' lang='lat' dir='ltr'>fortunis</span> <span class='ocrx_word' id='word_1_22' title='bbox 608 292 760 342; x_wconf 84' lang='lat' dir='ltr'>integer</span> <span class='ocrx_word' id='word_1_23' title='bbox 775 303 876 342; x_wconf 79' lang='lat' dir='ltr'>agas,</span> <span class='ocrx_word' id='word_1_24' title='bbox 898 292 936 330; x_wconf 94' lang='lat' dir='ltr'>id</span> <span class='ocrx_word' id='word_1_25' title='bbox 955 291 1059 331; x_wconf 92' lang='lat' dir='ltr'>dono</span> <span class='ocrx_word' id='word_1_26' title='bbox 1077 293 1195 331; x_wconf 86' lang='lat' dir='ltr'>datur</span> <span class='ocrx_word' id='word_1_27' title='bbox 1210 299 1327 345; x_wconf 85' lang='lat' dir='ltr'>atque</span> <span class='ocrx_word' id='word_1_28' title='bbox 1345 293 1486 344; x_wconf 89' lang='lat' dir='ltr'>accipi—</span> 
     </span>
     <span class='ocr_line' id='line_1_5' title="bbox 72 347 1533 401; baseline 0.001 -13"><span class='ocrx_word' id='word_1_29' title='bbox 72 355 151 389; x_wconf 88' lang='lat' dir='ltr'>tur.</span> <span class='ocrx_word' id='word_1_30' title='bbox 171 349 359 388; x_wconf 81' lang='lat' dir='ltr'>Consules</span> <span class='ocrx_word' id='word_1_31' title='bbox 380 360 456 387; x_wconf 83' lang='lat' dir='ltr'>nos</span> <span class='ocrx_word' id='word_1_32' title='bbox 469 348 627 395; x_wconf 84' lang='lat' dir='ltr'>fecistis,</span> <span class='ocrx_word' id='word_1_33' title='bbox 651 347 836 395; x_wconf 76' lang='lat' dir='ltr'>Quirites,</span> <span class='ocrx_word' id='word_1_34' title='bbox 853 348 959 386; x_wconf 88' lang='lat' dir='ltr'>domi</span> <span class='ocrx_word' id='word_1_35' title='bbox 980 349 1151 400; x_wconf 88' lang='lat' dir='ltr'>bellique</span> <span class='ocrx_word' id='word_1_36' title='bbox 1173 349 1489 401; x_wconf 82' lang='lat' dir='ltr'>impeditissuma</span> <span class='ocrx_word' id='word_1_37' title='bbox 1514 358 1533 390; x_wconf 87' lang='grc'>6</span> 
     </span>
    </p>
   </div>
   <div class='ocr_carea' id='block_1_4' title="bbox 74 405 303 457">
    <p class='ocr_par' dir='ltr' id='par_1_4' title="bbox 74 405 303 457">
     <span class='ocr_line' id='line_1_6' title="bbox 74 405 303 457; baseline -0.004 -12"><span class='ocrx_word' id='word_1_38' title='bbox 74 418 118 445; x_wconf 93' lang='lat' dir='ltr'>re</span> <span class='ocrx_word' id='word_1_39' title='bbox 138 405 303 457; x_wconf 83' lang='lat' dir='ltr'>publiea.</span> 
     </span>
    </p>
   </div>
   <div class='ocr_carea' id='block_1_5' title="bbox 357 404 1490 456">
    <p class='ocr_par' dir='ltr' id='par_1_5' title="bbox 357 404 1490 456">
     <span class='ocr_line' id='line_1_7' title="bbox 357 404 1490 456; baseline 0.001 -12"><span class='ocrx_word' id='word_1_40' title='bbox 357 405 538 456; x_wconf 83' lang='lat' dir='ltr'>Namque</span> <span class='ocrx_word' id='word_1_41' title='bbox 555 405 812 455; x_wconf 82' lang='lat' dir='ltr'>imperatores</span> <span class='ocrx_word' id='word_1_42' title='bbox 831 404 1039 456; x_wconf 80' lang='lat' dir='ltr'>Hispaniae</span> <span class='ocrx_word' id='word_1_43' title='bbox 1069 405 1315 456; x_wconf 85' lang='lat' dir='ltr'>stipendium</span> <span class='ocrx_word' id='word_1_44' title='bbox 1346 406 1490 445; x_wconf 86' lang='lat' dir='ltr'>milites</span> 
     </span>
    </p>
   </div>
   <div class='ocr_carea' id='block_1_6' title="bbox 74 460 1539 1136">
    <p class='ocr_par' dir='ltr' id='par_1_6' title="bbox 74 460 1539 1136">
     <span class='ocr_line' id='line_1_8' title="bbox 75 460 1490 513; baseline 0 -12"><span class='ocrx_word' id='word_1_45' title='bbox 75 474 183 501; x_wconf 85' lang='lat' dir='ltr'>arma</span> <span class='ocrx_word' id='word_1_46' title='bbox 204 462 450 500; x_wconf 83' lang='lat' dir='ltr'>frumentum</span> <span class='ocrx_word' id='word_1_47' title='bbox 472 467 651 512; x_wconf 82' lang='lat' dir='ltr'>poscunt,</span> <span class='ocrx_word' id='word_1_48' title='bbox 683 465 721 499; x_wconf 89' lang='lat' dir='ltr'>et</span> <span class='ocrx_word' id='word_1_49' title='bbox 750 460 797 499; x_wconf 90' lang='lat' dir='ltr'>id·</span> <span class='ocrx_word' id='word_1_50' title='bbox 817 473 880 499; x_wconf 90' lang='lat' dir='ltr'>res</span> <span class='ocrx_word' id='word_1_51' title='bbox 903 461 1015 512; x_wconf 83' lang='lat' dir='ltr'>cogit,</span> <span class='ocrx_word' id='word_1_52' title='bbox 1047 463 1237 513; x_wconf 86' lang='lat' dir='ltr'>quoniam</span> <span class='ocrx_word' id='word_1_53' title='bbox 1270 462 1490 502; x_wconf 89' lang='lat' dir='ltr'>defectione</span> 
     </span>
     <span class='ocr_line' id='line_1_9' title="bbox 74 516 1493 570; baseline 0 -13"><span class='ocrx_word' id='word_1_54' title='bbox 74 519 274 557; x_wconf 87' lang='lat' dir='ltr'>sociorum</span> <span class='ocrx_word' id='word_1_55' title='bbox 296 523 335 556; x_wconf 87' lang='lat' dir='ltr'>et</span> <span class='ocrx_word' id='word_1_56' title='bbox 356 517 505 556; x_wconf 71' lang='lat' dir='ltr'>Sentori</span> <span class='ocrx_word' id='word_1_57' title='bbox 527 529 598 568; x_wconf 91' lang='lat' dir='ltr'>per</span> <span class='ocrx_word' id='word_1_58' title='bbox 619 517 765 555; x_wconf 83' lang='lat' dir='ltr'>montis</span> <span class='ocrx_word' id='word_1_59' title='bbox 793 516 883 568; x_wconf 87' lang='lat' dir='ltr'>fuga</span> <span class='ocrx_word' id='word_1_60' title='bbox 912 530 1043 568; x_wconf 89' lang='lat' dir='ltr'>neque</span> <span class='ocrx_word' id='word_1_61' title='bbox 1076 530 1195 558; x_wconf 84' lang='lat' dir='ltr'>manu</span> <span class='ocrx_word' id='word_1_62' title='bbox 1228 524 1378 558; x_wconf 87' lang='lat' dir='ltr'>certare</span> <span class='ocrx_word' id='word_1_63' title='bbox 1399 531 1493 570; x_wconf 86' lang='lat' dir='ltr'>pos-</span> 
     </span>
     <span class='ocr_line' id='line_1_10' title="bbox 76 573 1535 626; baseline -0.001 -12"><span class='ocrx_word' id='word_1_64' title='bbox 76 580 170 614; x_wconf 85' lang='lat' dir='ltr'>sunt</span> <span class='ocrx_word' id='word_1_65' title='bbox 191 587 320 625; x_wconf 89' lang='lat' dir='ltr'>neque</span> <span class='ocrx_word' id='word_1_66' title='bbox 341 573 450 612; x_wconf 75' lang='lat' dir='ltr'>utilia</span> <span class='ocrx_word' id='word_1_67' title='bbox 470 585 616 624; x_wconf 71' lang='lat' dir='ltr'>param.</span> <span class='ocrx_word' id='word_1_68' title='bbox 649 573 851 612; x_wconf 74' lang='lat' dir='ltr'>Exercitus</span> <span class='ocrx_word' id='word_1_69' title='bbox 872 574 913 612; x_wconf 87' lang='lat' dir='ltr'>in</span> <span class='ocrx_word' id='word_1_70' title='bbox 934 574 1025 613; x_wconf 78' lang='lat' dir='ltr'>Asia</span> <span class='ocrx_word' id='word_1_71' title='bbox 1042 574 1256 626; x_wconf 70' lang='lat' dir='ltr'>Ciliciaque</span> <span class='ocrx_word' id='word_1_72' title='bbox 1279 576 1328 614; x_wconf 93' lang='lat' dir='ltr'>ob</span> <span class='ocrx_word' id='word_1_73' title='bbox 1352 575 1492 614; x_wconf 85' lang='lat' dir='ltr'>nimias</span> <span class='ocrx_word' id='word_1_74' title='bbox 1520 582 1535 612; x_wconf 84' lang='lat'>7</span> 
     </span>
     <span class='ocr_line' id='line_1_11' title="bbox 76 629 1494 682; baseline 0.001 -12"><span class='ocrx_word' id='word_1_75' title='bbox 76 643 176 682; x_wconf 89' lang='lat' dir='ltr'>opes</span> <span class='ocrx_word' id='word_1_76' title='bbox 193 630 617 676; x_wconf 47' lang='lat' dir='ltr'>Mithridatisualuntur,</span> <span class='ocrx_word' id='word_1_77' title='bbox 650 629 879 669; x_wconf 81' lang='lat' dir='ltr'>Macedonia</span> <span class='ocrx_word' id='word_1_78' title='bbox 906 630 1022 681; x_wconf 76' lang='lat' dir='ltr'>plena</span> <span class='ocrx_word' id='word_1_79' title='bbox 1043 631 1217 670; x_wconf 89' lang='lat' dir='ltr'>hostium</span> <span class='ocrx_word' id='word_1_80' title='bbox 1242 637 1301 671; x_wconf 84' lang='lat' dir='ltr'>est</span> <span class='ocrx_word' id='word_1_81' title='bbox 1322 644 1397 671; x_wconf 90' lang='lat' dir='ltr'>nec</span> <span class='ocrx_word' id='word_1_82' title='bbox 1418 632 1494 671; x_wconf 89' lang='lat' dir='ltr'>mi-</span> 
     </span>
     <span class='ocr_line' id='line_1_12' title="bbox 76 686 1494 739; baseline 0.002 -14"><span class='ocrx_word' id='word_1_83' title='bbox 76 699 157 726; x_wconf 81' lang='lat' dir='ltr'>nus</span> <span class='ocrx_word' id='word_1_84' title='bbox 182 686 311 725; x_wconf 68' lang='lat' dir='ltr'>Italiae</span> <span class='ocrx_word' id='word_1_85' title='bbox 340 686 549 725; x_wconf 85' lang='lat' dir='ltr'>marituma</span> <span class='ocrx_word' id='word_1_86' title='bbox 578 693 615 725; x_wconf 87' lang='lat' dir='ltr'>et</span> <span class='ocrx_word' id='word_1_87' title='bbox 644 686 955 737; x_wconf 83' lang='lat' dir='ltr'>provinciarum,</span> <span class='ocrx_word' id='word_1_88' title='bbox 987 700 1075 726; x_wconf 85' lang='lat' dir='ltr'>cum</span> <span class='ocrx_word' id='word_1_89' title='bbox 1107 688 1270 727; x_wconf 88' lang='lat' dir='ltr'>interim</span> <span class='ocrx_word' id='word_1_90' title='bbox 1292 688 1494 739; x_wconf 82' lang='lat' dir='ltr'>vectigalia</span> 
     </span>
     <span class='ocr_line' id='line_1_13' title="bbox 75 741 1494 795; baseline 0.001 -13"><span class='ocrx_word' id='word_1_91' title='bbox 75 755 191 795; x_wconf 84' lang='lat' dir='ltr'>parva</span> <span class='ocrx_word' id='word_1_92' title='bbox 209 749 247 782; x_wconf 90' lang='lat' dir='ltr'>et</span> <span class='ocrx_word' id='word_1_93' title='bbox 263 742 372 782; x_wconf 88' lang='lat' dir='ltr'>hellis</span> <span class='ocrx_word' id='word_1_94' title='bbox 391 741 536 782; x_wconf 85' lang='lat' dir='ltr'>incerta</span> <span class='ocrx_word' id='word_1_95' title='bbox 553 743 614 781; x_wconf 85' lang='lat' dir='ltr'>vix</span> <span class='ocrx_word' id='word_1_96' title='bbox 631 748 783 793; x_wconf 73' lang='lat' dir='ltr'>partem</span> <span class='ocrx_word' id='word_1_97' title='bbox 799 749 1028 794; x_wconf 86' lang='lat' dir='ltr'>sumptuum</span> <span class='ocrx_word' id='word_1_98' title='bbox 1049 745 1270 784; x_wconf 85' lang='lat' dir='ltr'>sustinent:</span> <span class='ocrx_word' id='word_1_99' title='bbox 1288 746 1341 784; x_wconf 86' lang='lat' dir='ltr'>ita</span> <span class='ocrx_word' id='word_1_100' title='bbox 1360 746 1494 791; x_wconf 84' lang='lat' dir='ltr'>classe,</span> 
     </span>
     <span class='ocr_line' id='line_1_14' title="bbox 76 799 1537 852; baseline 0.001 -13"><span class='ocrx_word' id='word_1_101' title='bbox 76 812 176 851; x_wconf 84' lang='lat' dir='ltr'>quae</span> <span class='ocrx_word' id='word_1_102' title='bbox 198 804 440 839; x_wconf 82' lang='lat' dir='ltr'>commeatus</span> <span class='ocrx_word' id='word_1_103' title='bbox 454 799 650 844; x_wconf 85' lang='lat' dir='ltr'>tuebatur,</span> <span class='ocrx_word' id='word_1_104' title='bbox 674 799 827 837; x_wconf 88' lang='lat' dir='ltr'>minore</span> <span class='ocrx_word' id='word_1_105' title='bbox 845 812 964 851; x_wconf 90' lang='lat' dir='ltr'>quam</span> <span class='ocrx_word' id='word_1_106' title='bbox 981 806 1094 839; x_wconf 85' lang='lat' dir='ltr'>antea</span> <span class='ocrx_word' id='word_1_107' title='bbox 1113 801 1357 852; x_wconf 77' lang='lat' dir='ltr'>navigamus,</span> <span class='ocrx_word' id='word_1_108' title='bbox 1389 802 1493 841; x_wconf 86' lang='lat' dir='ltr'>Haec</span> <span class='ocrx_word' id='word_1_109' title='bbox 1519 809 1537 841; x_wconf 83' lang='lat'>8</span> 
     </span>
     <span class='ocr_line' id='line_1_15' title="bbox 76 855 1495 908; baseline 0.002 -14"><span class='ocrx_word' id='word_1_110' title='bbox 76 856 109 894; x_wconf 88' lang='lat' dir='ltr'>si</span> <span class='ocrx_word' id='word_1_111' title='bbox 131 855 219 894; x_wconf 93' lang='lat' dir='ltr'>dolo</span> <span class='ocrx_word' id='word_1_112' title='bbox 241 862 308 894; x_wconf 89' lang='lat' dir='ltr'>aut</span> <span class='ocrx_word' id='word_1_113' title='bbox 327 856 502 894; x_wconf 88' lang='lat' dir='ltr'>socordia</span> <span class='ocrx_word' id='word_1_114' title='bbox 525 861 659 894; x_wconf 85' lang='lat' dir='ltr'>nostra</span> <span class='ocrx_word' id='word_1_115' title='bbox 690 861 888 894; x_wconf 84' lang='lat' dir='ltr'>contracta</span> <span class='ocrx_word' id='word_1_116' title='bbox 910 861 1024 903; x_wconf 84' lang='lat' dir='ltr'>sunt,</span> <span class='ocrx_word' id='word_1_117' title='bbox 1054 857 1153 908; x_wconf 83' lang='lat' dir='ltr'>agite</span> <span class='ocrx_word' id='word_1_118' title='bbox 1185 863 1229 896; x_wconf 88' lang='lat' dir='ltr'>ut</span> <span class='ocrx_word' id='word_1_119' title='bbox 1260 864 1398 897; x_wconf 90' lang='lat' dir='ltr'>monet</span> <span class='ocrx_word' id='word_1_120' title='bbox 1427 858 1495 903; x_wconf 81' lang='lat' dir='ltr'>ira⁷</span> 
     </span>
     <span class='ocr_line' id='line_1_16' title="bbox 77 911 1497 965; baseline 0.003 -15"><span class='ocrx_word' id='word_1_121' title='bbox 77 912 310 963; x_wconf 87' lang='lat' dir='ltr'>supplicium</span> <span class='ocrx_word' id='word_1_122' title='bbox 328 911 492 951; x_wconf 88' lang='lat' dir='ltr'>sumite:</span> <span class='ocrx_word' id='word_1_123' title='bbox 509 911 570 950; x_wconf 91' lang='lat' dir='ltr'>sin</span> <span class='ocrx_word' id='word_1_124' title='bbox 586 911 746 951; x_wconf 82' lang='lat' dir='ltr'>fortuna</span> <span class='ocrx_word' id='word_1_125' title='bbox 762 912 982 951; x_wconf 89' lang='lat' dir='ltr'>communis</span> <span class='ocrx_word' id='word_1_126' title='bbox 993 913 1171 964; x_wconf 83' lang='lat' dir='ltr'>asperior</span> <span class='ocrx_word' id='word_1_127' title='bbox 1189 920 1259 960; x_wconf 83' lang='lat' dir='ltr'>est,</span> <span class='ocrx_word' id='word_1_128' title='bbox 1280 927 1355 965; x_wconf 83' lang='lat' dir='ltr'>qua</span> <span class='ocrx_word' id='word_1_129' title='bbox 1372 928 1415 954; x_wconf 90' lang='lat' dir='ltr'>re</span> <span class='ocrx_word' id='word_1_130' title='bbox 1432 915 1497 954; x_wconf 86' lang='lat' dir='ltr'>in-</span> 
     </span>
     <span class='ocr_line' id='line_1_17' title="bbox 77 967 1539 1022; baseline 0.003 -16"><span class='ocrx_word' id='word_1_131' title='bbox 77 968 192 1019; x_wconf 86' lang='lat' dir='ltr'>digna</span> <span class='ocrx_word' id='word_1_132' title='bbox 214 967 323 1006; x_wconf 86' lang='lat' dir='ltr'>vobis</span> <span class='ocrx_word' id='word_1_133' title='bbox 344 967 540 1019; x_wconf 86' lang='lat' dir='ltr'>nobisque</span> <span class='ocrx_word' id='word_1_134' title='bbox 570 973 608 1007; x_wconf 90' lang='lat' dir='ltr'>et</span> <span class='ocrx_word' id='word_1_135' title='bbox 628 980 670 1006; x_wconf 89' lang='lat' dir='ltr'>re</span> <span class='ocrx_word' id='word_1_136' title='bbox 690 968 843 1019; x_wconf 84' lang='lat' dir='ltr'>publica</span> <span class='ocrx_word' id='word_1_137' title='bbox 863 967 1065 1020; x_wconf 79' lang='lat' dir='ltr'>incipitis?</span> <span class='ocrx_word' id='word_1_138' title='bbox 1111 970 1242 1022; x_wconf 85' lang='lat' dir='ltr'>Atque</span> <span class='ocrx_word' id='word_1_139' title='bbox 1258 983 1328 1021; x_wconf 86' lang='lat' dir='ltr'>ego</span> <span class='ocrx_word' id='word_1_140' title='bbox 1343 1001 1351 1013; x_wconf 81' lang='grc'>,</span> <span class='ocrx_word' id='word_1_141' title='bbox 1386 972 1495 1010; x_wconf 87' lang='lat' dir='ltr'>cuius</span> <span class='ocrx_word' id='word_1_142' title='bbox 1521 978 1539 1010; x_wconf 86' lang='grc'>9</span> 
     </span>
     <span class='ocr_line' id='line_1_18' title="bbox 76 1024 1496 1077; baseline 0.002 -14"><span class='ocrx_word' id='word_1_143' title='bbox 76 1025 192 1063; x_wconf 86' lang='lat' dir='ltr'>aetati</span> <span class='ocrx_word' id='word_1_144' title='bbox 214 1037 320 1064; x_wconf 91' lang='lat' dir='ltr'>mors</span> <span class='ocrx_word' id='word_1_145' title='bbox 341 1024 501 1075; x_wconf 89' lang='lat' dir='ltr'>propior</span> <span class='ocrx_word' id='word_1_146' title='bbox 523 1029 595 1071; x_wconf 82' lang='lat' dir='ltr'>est,</span> <span class='ocrx_word' id='word_1_147' title='bbox 618 1036 698 1063; x_wconf 86' lang='lat' dir='ltr'>non</span> <span class='ocrx_word' id='word_1_148' title='bbox 728 1025 929 1075; x_wconf 90' lang='lat' dir='ltr'>deprecor,</span> <span class='ocrx_word' id='word_1_149' title='bbox 957 1025 990 1063; x_wconf 89' lang='lat' dir='ltr'>si</span> <span class='ocrx_word' id='word_1_150' title='bbox 1020 1026 1112 1077; x_wconf 88' lang='lat' dir='ltr'>quid</span> <span class='ocrx_word' id='word_1_151' title='bbox 1143 1039 1186 1066; x_wconf 86' lang='lat' dir='ltr'>ea</span> <span class='ocrx_word' id='word_1_152' title='bbox 1210 1026 1318 1065; x_wconf 88' lang='lat' dir='ltr'>vobis</span> <span class='ocrx_word' id='word_1_153' title='bbox 1339 1028 1496 1066; x_wconf 86' lang='lat' dir='ltr'>incom-</span> 
     </span>
     <span class='ocr_line' id='line_1_19' title="bbox 79 1081 1492 1136; baseline 0.003 -17"><span class='ocrx_word' id='word_1_154' title='bbox 79 1081 185 1120; x_wconf 87' lang='lat' dir='ltr'>modi</span> <span class='ocrx_word' id='word_1_155' title='bbox 207 1081 396 1120; x_wconf 84' lang='lat' dir='ltr'>demitur:</span> <span class='ocrx_word' id='word_1_156' title='bbox 418 1092 659 1132; x_wconf 84' lang='lat' dir='ltr'>neque-mox</span> <span class='ocrx_word' id='word_1_157' title='bbox 680 1081 837 1132; x_wconf 85' lang='lat' dir='ltr'>ingenio</span> <span class='ocrx_word' id='word_1_158' title='bbox 859 1082 1033 1133; x_wconf 88' lang='lat' dir='ltr'>corporis</span> <span class='ocrx_word' id='word_1_159' title='bbox 1055 1083 1259 1122; x_wconf 87' lang='lat' dir='ltr'>honestius</span> <span class='ocrx_word' id='word_1_160' title='bbox 1282 1096 1400 1135; x_wconf 89' lang='lat' dir='ltr'>quam</span> <span class='ocrx_word' id='word_1_161' title='bbox 1422 1096 1492 1136; x_wconf 90' lang='lat' dir='ltr'>pro</span> 
     </span>
    </p>
   </div>
   <div class='ocr_carea' id='block_1_7' title="bbox 75 1230 750 2625">
    <p class='ocr_par' dir='ltr' id='par_1_7' title="bbox 75 1230 749 1857">
     <span class='ocr_line' id='line_1_20' title="bbox 75 1230 742 1263; baseline 0.001 -1"><span class='ocrx_word' id='word_1_162' title='bbox 75 1233 221 1263; x_wconf 74' lang='lat' dir='ltr'>secutus.</span> <span class='ocrx_word' id='word_1_163' title='bbox 254 1230 289 1262; x_wconf 90' lang='lat' dir='ltr'>In</span> <span class='ocrx_word' id='word_1_164' title='bbox 306 1241 428 1263; x_wconf 88' lang='lat' dir='ltr'>unsrer</span> <span class='ocrx_word' id='word_1_165' title='bbox 445 1231 552 1263; x_wconf 88' lang='lat' dir='ltr'>Stelle</span> <span class='ocrx_word' id='word_1_166' title='bbox 584 1231 742 1263; x_wconf 80' lang='lat' dir='ltr'>indessen</span> 
     </span>
     <span class='ocr_line' id='line_1_21' title="bbox 76 1275 744 1308; baseline 0 0"><span class='ocrx_word' id='word_1_167' title='bbox 76 1276 122 1308; x_wconf 88' lang='lat' dir='ltr'>ist</span> <span class='ocrx_word' id='word_1_168' title='bbox 139 1275 231 1308; x_wconf 83' lang='lat' dir='ltr'>nicht</span> <span class='ocrx_word' id='word_1_169' title='bbox 261 1276 391 1308; x_wconf 88' lang='lat' dir='ltr'>sowohl</span> <span class='ocrx_word' id='word_1_170' title='bbox 420 1286 485 1307; x_wconf 91' lang='lat' dir='ltr'>von</span> <span class='ocrx_word' id='word_1_171' title='bbox 515 1277 622 1308; x_wconf 90' lang='lat' dir='ltr'>einem</span> <span class='ocrx_word' id='word_1_172' title='bbox 651 1275 744 1308; x_wconf 87' lang='lat' dir='ltr'>Ster-</span> 
     </span>
     <span class='ocr_line' id='line_1_22' title="bbox 77 1319 745 1362; baseline 0.001 -10"><span class='ocrx_word' id='word_1_173' title='bbox 77 1321 140 1352; x_wconf 88' lang='lat' dir='ltr'>ben</span> <span class='ocrx_word' id='word_1_174' title='bbox 155 1319 196 1352; x_wconf 86' lang='lat' dir='ltr'>fii</span> <span class='ocrx_word' id='word_1_175' title='bbox 206 1320 363 1352; x_wconf 87' lang='lat' dir='ltr'>rAudere</span> <span class='ocrx_word' id='word_1_176' title='bbox 374 1321 440 1352; x_wconf 91' lang='lat' dir='ltr'>und</span> <span class='ocrx_word' id='word_1_177' title='bbox 449 1332 490 1352; x_wconf 91' lang='lat' dir='ltr'>zu</span> <span class='ocrx_word' id='word_1_178' title='bbox 498 1321 601 1353; x_wconf 90' lang='lat' dir='ltr'>ihrem</span> <span class='ocrx_word' id='word_1_179' title='bbox 614 1322 745 1362; x_wconf 83' lang='lat' dir='ltr'>Besten,</span> 
     </span>
     <span class='ocr_line' id='line_1_23' title="bbox 77 1365 746 1408; baseline 0.001 -11"><span class='ocrx_word' id='word_1_180' title='bbox 77 1365 129 1397; x_wconf 84' lang='lat' dir='ltr'>als</span> <span class='ocrx_word' id='word_1_181' title='bbox 147 1365 312 1397; x_wconf 81' lang='lat' dir='ltr'>vielmehr</span> <span class='ocrx_word' id='word_1_182' title='bbox 334 1376 399 1398; x_wconf 89' lang='lat' dir='ltr'>von</span> <span class='ocrx_word' id='word_1_183' title='bbox 422 1367 530 1397; x_wconf 89' lang='lat' dir='ltr'>einem</span> <span class='ocrx_word' id='word_1_184' title='bbox 562 1366 746 1408; x_wconf 81' lang='lat' dir='ltr'>Hingeben‚</span> 
     </span>
     <span class='ocr_line' id='line_1_24' title="bbox 76 1410 749 1452; baseline 0.003 -10"><span class='ocrx_word' id='word_1_185' title='bbox 76 1410 252 1443; x_wconf 85' lang='lat' dir='ltr'>Schenken</span> <span class='ocrx_word' id='word_1_186' title='bbox 270 1411 327 1442; x_wconf 89' lang='lat' dir='ltr'>des</span> <span class='ocrx_word' id='word_1_187' title='bbox 344 1410 487 1452; x_wconf 68' lang='lat' dir='ltr'>hebens,</span> <span class='ocrx_word' id='word_1_188' title='bbox 504 1411 555 1443; x_wconf 85' lang='lat' dir='ltr'>als</span> <span class='ocrx_word' id='word_1_189' title='bbox 573 1412 631 1444; x_wconf 89' lang='lat' dir='ltr'>des</span> <span class='ocrx_word' id='word_1_190' title='bbox 647 1413 749 1444; x_wconf 78' lang='lat' dir='ltr'>hb&#39;ch-</span> 
     </span>
     <span class='ocr_line' id='line_1_25' title="bbox 82 1455 749 1497; baseline 0.004 -11"><span class='ocrx_word' id='word_1_191' title='bbox 82 1460 157 1487; x_wconf 83' lang='lat' dir='ltr'>sten</span> <span class='ocrx_word' id='word_1_192' title='bbox 175 1455 255 1487; x_wconf 85' lang='lat' dir='ltr'>aber</span> <span class='ocrx_word' id='word_1_193' title='bbox 279 1456 613 1489; x_wconf 70' lang='lat' dir='ltr'>unveriiui&#39;serlichen</span> <span class='ocrx_word' id='word_1_194' title='bbox 632 1456 749 1497; x_wconf 82' lang='lat' dir='ltr'>Gutes‚</span> 
     </span>
     <span class='ocr_line' id='line_1_26' title="bbox 76 1500 748 1543; baseline 0.003 -12"><span class='ocrx_word' id='word_1_195' title='bbox 76 1510 126 1531; x_wconf 80' lang='lat' dir='ltr'>an</span> <span class='ocrx_word' id='word_1_196' title='bbox 144 1500 314 1532; x_wconf 84' lang='lat' dir='ltr'>dieselben</span> <span class='ocrx_word' id='word_1_197' title='bbox 331 1501 385 1533; x_wconf 86' lang='lat' dir='ltr'>die</span> <span class='ocrx_word' id='word_1_198' title='bbox 395 1501 494 1535; x_wconf 83' lang='lat' dir='ltr'>Rede.</span> <span class='ocrx_word' id='word_1_199' title='bbox 509 1520 552 1525; x_wconf 89' lang='lat'>—</span> <span class='ocrx_word' id='word_1_200' title='bbox 569 1502 748 1543; x_wconf 82' lang='lat' dir='ltr'>Derganze</span> 
     </span>
     <span class='ocr_line' id='line_1_27' title="bbox 79 1545 749 1590; baseline 0.004 -14"><span class='ocrx_word' id='word_1_201' title='bbox 79 1545 365 1586; x_wconf 84' lang='lat' dir='ltr'>Zusammenhang</span> <span class='ocrx_word' id='word_1_202' title='bbox 383 1546 429 1578; x_wconf 90' lang='lat' dir='ltr'>ist</span> <span class='ocrx_word' id='word_1_203' title='bbox 447 1547 574 1580; x_wconf 82' lang='lat' dir='ltr'>dieser:</span> <span class='ocrx_word' id='word_1_204' title='bbox 597 1557 659 1590; x_wconf 78' lang='lat' dir='ltr'>pro</span> <span class='ocrx_word' id='word_1_205' title='bbox 677 1549 749 1589; x_wconf 76' lang='lat' dir='ltr'>qui—</span> 
     </span>
     <span class='ocr_line' id='line_1_28' title="bbox 81 1590 746 1634; baseline 0.005 -13"><span class='ocrx_word' id='word_1_206' title='bbox 81 1590 145 1622; x_wconf 80' lang='lat' dir='ltr'>bus</span> <span class='ocrx_word' id='word_1_207' title='bbox 162 1591 270 1632; x_wconf 80' lang='lat' dir='ltr'>henes.</span> <span class='ocrx_word' id='word_1_208' title='bbox 289 1601 491 1633; x_wconf 74' lang='lat' dir='ltr'>quamquam</span> <span class='ocrx_word' id='word_1_209' title='bbox 519 1594 578 1624; x_wconf 65' lang='lat' dir='ltr'>via:</span> <span class='ocrx_word' id='word_1_210' title='bbox 600 1595 661 1625; x_wconf 73' lang='lat' dir='ltr'>sat.</span> <span class='ocrx_word' id='word_1_211' title='bbox 688 1603 746 1634; x_wconf 79' lang='lat' dir='ltr'>gr.</span> 
     </span>
     <span class='ocr_line' id='line_1_29' title="bbox 79 1635 748 1678; baseline 0.003 -11"><span class='ocrx_word' id='word_1_212' title='bbox 79 1635 204 1676; x_wconf 81' lang='lat' dir='ltr'>videar,</span> <span class='ocrx_word' id='word_1_213' title='bbox 222 1637 252 1666; x_wconf 79' lang='lat' dir='ltr'>si</span> <span class='ocrx_word' id='word_1_214' title='bbox 267 1638 356 1678; x_wconf 74' lang='lat' dir='ltr'>sing.</span> <span class='ocrx_word' id='word_1_215' title='bbox 377 1647 432 1669; x_wconf 84' lang='lat' dir='ltr'>an.</span> <span class='ocrx_word' id='word_1_216' title='bbox 450 1639 678 1678; x_wconf 77' lang='lat' dir='ltr'>concesserim,</span> <span class='ocrx_word' id='word_1_217' title='bbox 696 1641 748 1669; x_wconf 80' lang='lat' dir='ltr'>ta-</span> 
     </span>
     <span class='ocr_line' id='line_1_30' title="bbox 78 1680 748 1724; baseline 0.006 -13"><span class='ocrx_word' id='word_1_218' title='bbox 78 1691 155 1712; x_wconf 83' lang='lat' dir='ltr'>men</span> <span class='ocrx_word' id='word_1_219' title='bbox 168 1680 204 1712; x_wconf 87' lang='lat' dir='ltr'>id</span> <span class='ocrx_word' id='word_1_220' title='bbox 215 1681 334 1722; x_wconf 75' lang='lat' dir='ltr'>facere</span> <span class='ocrx_word' id='word_1_221' title='bbox 346 1692 477 1723; x_wconf 75' lang='lat' dir='ltr'>nequeo,</span> <span class='ocrx_word' id='word_1_222' title='bbox 493 1684 571 1724; x_wconf 79' lang='lat' dir='ltr'>quia</span> <span class='ocrx_word' id='word_1_223' title='bbox 588 1684 657 1714; x_wconf 78' lang='lat' dir='ltr'>vita</span> <span class='ocrx_word' id='word_1_224' title='bbox 671 1687 748 1724; x_wconf 87' lang='lat' dir='ltr'>etc.,</span> 
     </span>
     <span class='ocr_line' id='line_1_31' title="bbox 79 1725 746 1760; baseline 0.004 -3"><span class='ocrx_word' id='word_1_225' title='bbox 79 1736 117 1757; x_wconf 90' lang='lat' dir='ltr'>so</span> <span class='ocrx_word' id='word_1_226' title='bbox 137 1725 214 1757; x_wconf 84' lang='lat' dir='ltr'>dass</span> <span class='ocrx_word' id='word_1_227' title='bbox 239 1725 299 1757; x_wconf 87' lang='lat' dir='ltr'>der</span> <span class='ocrx_word' id='word_1_228' title='bbox 317 1727 396 1758; x_wconf 81' lang='lat' dir='ltr'>Satz</span> <span class='ocrx_word' id='word_1_229' title='bbox 420 1738 501 1759; x_wconf 83' lang='lat' dir='ltr'>nam</span> <span class='ocrx_word' id='word_1_230' title='bbox 523 1730 589 1759; x_wconf 81' lang='lat' dir='ltr'>vita</span> <span class='ocrx_word' id='word_1_231' title='bbox 607 1732 671 1760; x_wconf 84' lang='lat' dir='ltr'>ete.</span> <span class='ocrx_word' id='word_1_232' title='bbox 695 1728 746 1759; x_wconf 90' lang='lat' dir='ltr'>die</span> 
     </span>
     <span class='ocr_line' id='line_1_32' title="bbox 78 1769 746 1814; baseline 0.004 -12"><span class='ocrx_word' id='word_1_233' title='bbox 78 1769 309 1811; x_wconf 70' lang='lat' dir='ltr'>Erlfiuteruug</span> <span class='ocrx_word' id='word_1_234' title='bbox 326 1782 367 1802; x_wconf 91' lang='lat' dir='ltr'>zu</span> <span class='ocrx_word' id='word_1_235' title='bbox 391 1771 464 1804; x_wconf 86' lang='lat' dir='ltr'>dem</span> <span class='ocrx_word' id='word_1_236' title='bbox 482 1783 583 1814; x_wconf 77' lang='lat' dir='ltr'>quam</span> <span class='ocrx_word' id='word_1_237' title='bbox 611 1773 746 1813; x_wconf 78' lang='lat' dir='ltr'>(conce-</span> 
     </span>
     <span class='ocr_line' id='line_1_33' title="bbox 77 1814 477 1857; baseline 0.003 -10"><span class='ocrx_word' id='word_1_238' title='bbox 77 1814 180 1855; x_wconf 82' lang='lat' dir='ltr'>dere)</span> <span class='ocrx_word' id='word_1_239' title='bbox 198 1826 319 1857; x_wconf 76' lang='lat' dir='ltr'>nequeo</span> <span class='ocrx_word' id='word_1_240' title='bbox 339 1817 477 1849; x_wconf 68' lang='lat' dir='ltr'>enth&#39;tilt.</span> 
     </span>
    </p>

    <p class='ocr_par' dir='ltr' id='par_1_8' title="bbox 76 1862 750 2085">
     <span class='ocr_line' id='line_1_34' title="bbox 125 1862 747 1895; baseline 0.005 -4"><span class='ocrx_word' id='word_1_241' title='bbox 125 1863 163 1892; x_wconf 80' lang='lat' dir='ltr'>ut</span> <span class='ocrx_word' id='word_1_242' title='bbox 179 1862 251 1891; x_wconf 79' lang='lat' dir='ltr'>sine</span> <span class='ocrx_word' id='word_1_243' title='bbox 278 1866 342 1893; x_wconf 87' lang='lat' dir='ltr'>etc.</span> <span class='ocrx_word' id='word_1_244' title='bbox 398 1862 459 1894; x_wconf 92' lang='lat' dir='ltr'>Die</span> <span class='ocrx_word' id='word_1_245' title='bbox 483 1862 600 1894; x_wconf 86' lang='lat' dir='ltr'>beiden</span> <span class='ocrx_word' id='word_1_246' title='bbox 629 1863 747 1895; x_wconf 88' lang='lat' dir='ltr'>Theile</span> 
     </span>
     <span class='ocr_line' id='line_1_35' title="bbox 80 1904 749 1947; baseline 0.006 -11"><span class='ocrx_word' id='word_1_247' title='bbox 80 1906 138 1937; x_wconf 87' lang='lat' dir='ltr'>des</span> <span class='ocrx_word' id='word_1_248' title='bbox 170 1904 380 1947; x_wconf 69' lang='lat' dir='ltr'>Praedicats,</span> <span class='ocrx_word' id='word_1_249' title='bbox 410 1907 468 1939; x_wconf 83' lang='lat' dir='ltr'>das</span> <span class='ocrx_word' id='word_1_250' title='bbox 497 1909 568 1939; x_wconf 79' lang='lat' dir='ltr'>sine</span> <span class='ocrx_word' id='word_1_251' title='bbox 593 1908 749 1940; x_wconf 75' lang='lat' dir='ltr'>dedecore</span> 
     </span>
     <span class='ocr_line' id='line_1_36' title="bbox 76 1951 749 1994; baseline 0.006 -13"><span class='ocrx_word' id='word_1_252' title='bbox 76 1960 182 1992; x_wconf 79' lang='lat' dir='ltr'>agere</span> <span class='ocrx_word' id='word_1_253' title='bbox 199 1960 273 1982; x_wconf 75' lang='lat' dir='ltr'>cum</span> <span class='ocrx_word' id='word_1_254' title='bbox 286 1951 412 1983; x_wconf 71' lang='lat' dir='ltr'>civibus</span> <span class='ocrx_word' id='word_1_255' title='bbox 431 1953 496 1983; x_wconf 89' lang='lat' dir='ltr'>und</span> <span class='ocrx_word' id='word_1_256' title='bbox 512 1953 611 1993; x_wconf 82' lang='lat' dir='ltr'>fama</span> <span class='ocrx_word' id='word_1_257' title='bbox 628 1956 659 1984; x_wconf 84' lang='lat' dir='ltr'>et</span> <span class='ocrx_word' id='word_1_258' title='bbox 675 1953 749 1994; x_wconf 77' lang='lat' dir='ltr'>for·-</span> 
     </span>
     <span class='ocr_line' id='line_1_37' title="bbox 79 1996 750 2038; baseline 0.004 -12"><span class='ocrx_word' id='word_1_259' title='bbox 79 1996 174 2027; x_wconf 76' lang='lat' dir='ltr'>tunis</span> <span class='ocrx_word' id='word_1_260' title='bbox 190 1997 321 2037; x_wconf 77' lang='lat' dir='ltr'>integer</span> <span class='ocrx_word' id='word_1_261' title='bbox 338 1998 555 2038; x_wconf 84' lang='lat' dir='ltr'>entsprechen</span> <span class='ocrx_word' id='word_1_262' title='bbox 587 1998 649 2029; x_wconf 87' lang='lat' dir='ltr'>den</span> <span class='ocrx_word' id='word_1_263' title='bbox 678 1999 750 2029; x_wconf 88' lang='lat' dir='ltr'>bei-</span> 
     </span>
     <span class='ocr_line' id='line_1_38' title="bbox 80 2039 690 2085; baseline 0.005 -14"><span class='ocrx_word' id='word_1_264' title='bbox 80 2041 142 2071; x_wconf 89' lang='lat' dir='ltr'>den</span> <span class='ocrx_word' id='word_1_265' title='bbox 160 2039 340 2081; x_wconf 81' lang='lat' dir='ltr'>folgenden</span> <span class='ocrx_word' id='word_1_266' title='bbox 357 2041 437 2073; x_wconf 81' lang='lat' dir='ltr'>dare</span> <span class='ocrx_word' id='word_1_267' title='bbox 453 2042 517 2074; x_wconf 89' lang='lat' dir='ltr'>und</span> <span class='ocrx_word' id='word_1_268' title='bbox 536 2044 690 2085; x_wconf 77' lang='lat' dir='ltr'>accipere.</span> 
     </span>
    </p>

    <p class='ocr_par' dir='ltr' id='par_1_9' title="bbox 78 2085 749 2397">
     <span class='ocr_line' id='line_1_39' title="bbox 127 2085 748 2128; baseline 0.005 -12"><span class='ocrx_word' id='word_1_269' title='bbox 127 2085 157 2117; x_wconf 89' lang='grc'>6.</span> <span class='ocrx_word' id='word_1_270' title='bbox 184 2086 298 2117; x_wconf 73' lang='lat' dir='ltr'>utilia:</span> <span class='ocrx_word' id='word_1_271' title='bbox 316 2101 337 2112; x_wconf 95' lang='lat'><strong><em>=</em></strong></span> <span class='ocrx_word' id='word_1_272' title='bbox 355 2097 440 2128; x_wconf 77' lang='lat' dir='ltr'>qaae</span> <span class='ocrx_word' id='word_1_273' title='bbox 457 2090 538 2119; x_wconf 70' lang='lat' dir='ltr'>usui</span> <span class='ocrx_word' id='word_1_274' title='bbox 565 2091 644 2119; x_wconf 71' lang='lat' dir='ltr'>sunt</span> <span class='ocrx_word' id='word_1_275' title='bbox 669 2088 748 2120; x_wconf 82' lang='lat' dir='ltr'>bello</span> 
     </span>
     <span class='ocr_line' id='line_1_40' title="bbox 78 2130 747 2173; baseline 0.006 -12"><span class='ocrx_word' id='word_1_276' title='bbox 78 2130 162 2162; x_wconf 88' lang='lat' dir='ltr'>oder</span> <span class='ocrx_word' id='word_1_277' title='bbox 179 2130 263 2162; x_wconf 91' lang='lat' dir='ltr'>kurz</span> <span class='ocrx_word' id='word_1_278' title='bbox 281 2131 358 2163; x_wconf 68' lang='lat' dir='ltr'>bella·</span> <span class='ocrx_word' id='word_1_279' title='bbox 372 2143 473 2164; x_wconf 78' lang='lat' dir='ltr'>usum</span> <span class='ocrx_word' id='word_1_280' title='bbox 503 2133 566 2164; x_wconf 88' lang='lat' dir='ltr'>wie</span> <span class='ocrx_word' id='word_1_281' title='bbox 596 2132 661 2173; x_wconf 75' lang='lat' dir='ltr'>lug.</span> <span class='ocrx_word' id='word_1_282' title='bbox 694 2134 747 2173; x_wconf 70' lang='lat'>84,</span> 
     </span>
     <span class='ocr_line' id='line_1_41' title="bbox 82 2175 748 2219; baseline 0.008 -14"><span class='ocrx_word' id='word_1_283' title='bbox 82 2175 111 2205; x_wconf 90' lang='lat'>3.</span> <span class='ocrx_word' id='word_1_284' title='bbox 133 2193 176 2198; x_wconf 87' lang='lat'><em>-</em></span> <span class='ocrx_word' id='word_1_285' title='bbox 191 2176 288 2207; x_wconf 75' lang='lat' dir='ltr'>utt&#39;lla</span> <span class='ocrx_word' id='word_1_286' title='bbox 302 2187 428 2219; x_wconf 77' lang='lat' dir='ltr'>parare</span> <span class='ocrx_word' id='word_1_287' title='bbox 455 2179 546 2210; x_wconf 86' lang='lat' dir='ltr'>steht</span> <span class='ocrx_word' id='word_1_288' title='bbox 576 2179 609 2209; x_wconf 89' lang='lat' dir='ltr'>in</span> <span class='ocrx_word' id='word_1_289' title='bbox 639 2179 748 2218; x_wconf 86' lang='lat' dir='ltr'>Bezug</span> 
     </span>
     <span class='ocr_line' id='line_1_42' title="bbox 80 2218 748 2263; baseline 0.006 -13"><span class='ocrx_word' id='word_1_290' title='bbox 80 2218 142 2251; x_wconf 81' lang='lat' dir='ltr'>auf</span> <span class='ocrx_word' id='word_1_291' title='bbox 166 2219 286 2262; x_wconf 77' lang='lat' dir='ltr'>defect.</span> <span class='ocrx_word' id='word_1_292' title='bbox 315 2224 501 2263; x_wconf 70' lang='lat' dir='ltr'>sociorum,</span> <span class='ocrx_word' id='word_1_293' title='bbox 538 2223 596 2254; x_wconf 84' lang='lat' dir='ltr'>das</span> <span class='ocrx_word' id='word_1_294' title='bbox 626 2224 748 2255; x_wconf 86' lang='lat' dir='ltr'>andere</span> 
     </span>
     <span class='ocr_line' id='line_1_43' title="bbox 81 2268 748 2310; baseline 0.007 -14"><span class='ocrx_word' id='word_1_295' title='bbox 81 2275 185 2296; x_wconf 69' lang='lat' dir='ltr'>manet</span> <span class='ocrx_word' id='word_1_296' title='bbox 203 2269 329 2298; x_wconf 79' lang='lat' dir='ltr'>certare</span> <span class='ocrx_word' id='word_1_297' title='bbox 352 2268 385 2307; x_wconf 70' lang='grc' dir='ltr'>(ε</span> <span class='ocrx_word' id='word_1_298' title='bbox 401 2270 588 2300; x_wconf 73' lang='lat' dir='ltr'>cornminus</span> <span class='ocrx_word' id='word_1_299' title='bbox 606 2278 748 2310; x_wconf 76' lang='lat' dir='ltr'>cong-rc-</span> 
     </span>
     <span class='ocr_line' id='line_1_44' title="bbox 80 2309 749 2356; baseline 0.007 -16"><span class='ocrx_word' id='word_1_300' title='bbox 80 2309 131 2350; x_wconf 65' lang='grc' dir='ltr'>Δίς</span> <span class='ocrx_word' id='word_1_301' title='bbox 156 2310 309 2352; x_wconf 78' lang='lat' dir='ltr'>vg1.{ug.</span> <span class='ocrx_word' id='word_1_302' title='bbox 340 2313 392 2352; x_wconf 81' lang='lat'>57,</span> <span class='ocrx_word' id='word_1_303' title='bbox 419 2314 452 2353; x_wconf 84' lang='grc'>4)</span> <span class='ocrx_word' id='word_1_304' title='bbox 483 2312 542 2345; x_wconf 84' lang='lat' dir='ltr'>auf</span> <span class='ocrx_word' id='word_1_305' title='bbox 567 2312 650 2346; x_wconf 64' lang='lat' dir='ltr'>Set-t.</span> <span class='ocrx_word' id='word_1_306' title='bbox 687 2324 749 2356; x_wconf 75' lang='lat' dir='ltr'>pet·</span> 
     </span>
     <span class='ocr_line' id='line_1_45' title="bbox 79 2356 324 2397; baseline 0.004 -11"><span class='ocrx_word' id='word_1_307' title='bbox 79 2365 113 2386; x_wconf 81' lang='lat' dir='ltr'>m</span> <span class='ocrx_word' id='word_1_308' title='bbox 121 2357 209 2386; x_wconf 75' lang='lat' dir='ltr'>ontz&#39;s</span> <span class='ocrx_word' id='word_1_309' title='bbox 224 2356 324 2397; x_wconf 70' lang='lat' dir='ltr'>faga.</span> 
     </span>
    </p>

    <p class='ocr_par' dir='ltr' id='par_1_10' title="bbox 82 2400 747 2577">
     <span class='ocr_line' id='line_1_46' title="bbox 129 2400 747 2444; baseline 0.008 -14"><span class='ocrx_word' id='word_1_310' title='bbox 129 2400 159 2431; x_wconf 84' lang='lat'>7.</span> <span class='ocrx_word' id='word_1_311' title='bbox 201 2411 273 2432; x_wconf 70' lang='lat' dir='ltr'>cum</span> <span class='ocrx_word' id='word_1_312' title='bbox 307 2404 437 2434; x_wconf 73' lang='lat' dir='ltr'>interim</span> <span class='ocrx_word' id='word_1_313' title='bbox 479 2428 485 2434; x_wconf 92' lang='lat'>.</span> <span class='ocrx_word' id='word_1_314' title='bbox 521 2428 527 2435; x_wconf 96' lang='lat'>.</span> <span class='ocrx_word' id='word_1_315' title='bbox 561 2405 747 2444; x_wconf 63' lang='lat' dir='ltr'>sustinent,-</span> 
     </span>
     <span class='ocr_line' id='line_1_47' title="bbox 84 2445 745 2491; baseline 0.008 -15"><span class='ocrx_word' id='word_1_316' title='bbox 84 2445 153 2487; x_wconf 84' lang='lat' dir='ltr'>vgl.</span> <span class='ocrx_word' id='word_1_317' title='bbox 184 2446 242 2478; x_wconf 87' lang='lat' dir='ltr'>Or.</span> <span class='ocrx_word' id='word_1_318' title='bbox 275 2446 361 2478; x_wconf 89' lang='lat' dir='ltr'>Phil.</span> <span class='ocrx_word' id='word_1_319' title='bbox 398 2448 452 2487; x_wconf 77' lang='lat'>173</span> <span class='ocrx_word' id='word_1_320' title='bbox 484 2448 543 2491; x_wconf 88' lang='lat' dir='ltr'>Ep.</span> <span class='ocrx_word' id='word_1_321' title='bbox 571 2449 681 2491; x_wconf 84' lang='lat' dir='ltr'>Pomp.</span> <span class='ocrx_word' id='word_1_322' title='bbox 710 2450 745 2488; x_wconf 80' lang='lat'>23</span> 
     </span>
     <span class='ocr_line' id='line_1_48' title="bbox 83 2490 747 2526; baseline 0.008 -5"><span class='ocrx_word' id='word_1_323' title='bbox 83 2490 142 2522; x_wconf 90' lang='lat' dir='ltr'>Or.</span> <span class='ocrx_word' id='word_1_324' title='bbox 176 2491 279 2523; x_wconf 85' lang='lat' dir='ltr'>Macr.</span> <span class='ocrx_word' id='word_1_325' title='bbox 329 2494 359 2523; x_wconf 81' lang='lat'>6.</span> <span class='ocrx_word' id='word_1_326' title='bbox 402 2492 468 2524; x_wconf 89' lang='lat' dir='ltr'>Der</span> <span class='ocrx_word' id='word_1_327' title='bbox 501 2493 668 2526; x_wconf 87' lang='lat' dir='ltr'>Indicativ</span> <span class='ocrx_word' id='word_1_328' title='bbox 701 2495 747 2526; x_wconf 84' lang='lat' dir='ltr'>ist</span> 
     </span>
     <span class='ocr_line' id='line_1_49' title="bbox 82 2535 308 2577; baseline 0.009 -11"><span class='ocrx_word' id='word_1_329' title='bbox 82 2535 308 2577; x_wconf 61' lang='lat' dir='ltr'>regelini‘il&#39;sig.</span> 
     </span>
    </p>

    <p class='ocr_par' dir='ltr' id='par_1_11' title="bbox 130 2581 744 2625">
     <span class='ocr_line' id='line_1_50' title="bbox 130 2581 744 2625; baseline 0.007 -14"><span class='ocrx_word' id='word_1_330' title='bbox 130 2581 179 2612; x_wconf 71' lang='lat' dir='ltr'>z&#39;ta</span> <span class='ocrx_word' id='word_1_331' title='bbox 196 2606 202 2611; x_wconf 96' lang='lat'>.</span> <span class='ocrx_word' id='word_1_332' title='bbox 226 2607 231 2613; x_wconf 96' lang='lat'>.</span> <span class='ocrx_word' id='word_1_333' title='bbox 251 2584 470 2624; x_wconf 42' lang='lat' dir='ltr'>navigamus:</span> <span class='ocrx_word' id='word_1_334' title='bbox 493 2598 507 2609; x_wconf 94' lang='lat'>=</span> <span class='ocrx_word' id='word_1_335' title='bbox 524 2586 570 2615; x_wconf 73' lang='lat' dir='ltr'>ita</span> <span class='ocrx_word' id='word_1_336' title='bbox 583 2584 638 2625; x_wconf 81' lang='lat' dir='ltr'>fit,</span> <span class='ocrx_word' id='word_1_337' title='bbox 656 2586 692 2615; x_wconf 72' lang='lat' dir='ltr'>ut</span> <span class='ocrx_word' id='word_1_338' title='bbox 710 2609 716 2616; x_wconf 95' lang='lat'>.</span> <span class='ocrx_word' id='word_1_339' title='bbox 738 2609 744 2615; x_wconf 91' lang='lat'>.</span> 
     </span>
    </p>
   </div>
   <div class='ocr_carea' id='block_1_8' title="bbox 817 1231 1505 2628">
    <p class='ocr_par' dir='ltr' id='par_1_12' title="bbox 817 1231 1495 1409">
     <span class='ocr_line' id='line_1_51' title="bbox 817 1231 1486 1274; baseline 0.004 -11"><span class='ocrx_word' id='word_1_340' title='bbox 817 1233 1027 1274; x_wconf 73' lang='lat' dir='ltr'>navigemus.</span> <span class='ocrx_word' id='word_1_341' title='bbox 1046 1250 1089 1254; x_wconf 91' lang='lat'>—</span> <span class='ocrx_word' id='word_1_342' title='bbox 1107 1231 1208 1264; x_wconf 77' lang='lat' dir='ltr'>classe</span> <span class='ocrx_word' id='word_1_343' title='bbox 1231 1237 1295 1265; x_wconf 89' lang='lat' dir='ltr'>etc.</span> <span class='ocrx_word' id='word_1_344' title='bbox 1320 1234 1486 1266; x_wconf 81' lang='lat' dir='ltr'>verkiirzt</span> 
     </span>
     <span class='ocr_line' id='line_1_52' title="bbox 818 1277 1489 1318; baseline 0.004 -10"><span class='ocrx_word' id='word_1_345' title='bbox 818 1287 877 1308; x_wconf 85' lang='lat' dir='ltr'>aus</span> <span class='ocrx_word' id='word_1_346' title='bbox 894 1277 1007 1316; x_wconf 74' lang='lat' dir='ltr'>classe,</span> <span class='ocrx_word' id='word_1_347' title='bbox 1034 1287 1118 1318; x_wconf 84' lang='lat' dir='ltr'>quae</span> <span class='ocrx_word' id='word_1_348' title='bbox 1147 1281 1350 1310; x_wconf 75' lang='lat' dir='ltr'>commeatus</span> <span class='ocrx_word' id='word_1_349' title='bbox 1376 1280 1489 1311; x_wconf 80' lang='lat' dir='ltr'>tueha-</span> 
     </span>
     <span class='ocr_line' id='line_1_53' title="bbox 818 1323 1495 1366; baseline 0.006 -13"><span class='ocrx_word' id='word_1_350' title='bbox 818 1324 886 1362; x_wconf 68' lang='grc' dir='ltr'>ίαν,</span> <span class='ocrx_word' id='word_1_351' title='bbox 904 1323 1086 1354; x_wconf 76' lang='lat' dir='ltr'>imminuta</span> <span class='ocrx_word' id='word_1_352' title='bbox 1110 1325 1243 1356; x_wconf 82' lang='lat' dir='ltr'>minore</span> <span class='ocrx_word' id='word_1_353' title='bbox 1269 1335 1358 1356; x_wconf 78' lang='lat' dir='ltr'>nunc</span> <span class='ocrx_word' id='word_1_354' title='bbox 1389 1335 1495 1366; x_wconf 80' lang='lat' dir='ltr'>quam</span> 
     </span>
     <span class='ocr_line' id='line_1_54' title="bbox 818 1368 1145 1409; baseline 0.006 -11"><span class='ocrx_word' id='word_1_355' title='bbox 818 1370 916 1399; x_wconf 82' lang='lat' dir='ltr'>antea</span> <span class='ocrx_word' id='word_1_356' title='bbox 932 1368 1145 1409; x_wconf 75' lang='lat' dir='ltr'>navigamus.</span> 
     </span>
    </p>

    <p class='ocr_par' dir='ltr' id='par_1_13' title="bbox 821 1413 1496 1679">
     <span class='ocr_line' id='line_1_55' title="bbox 867 1413 1487 1453; baseline 0.003 -8"><span class='ocrx_word' id='word_1_357' title='bbox 867 1413 895 1445; x_wconf 84' lang='lat'>8.</span> <span class='ocrx_word' id='word_1_358' title='bbox 921 1415 1059 1444; x_wconf 78' lang='lat' dir='ltr'>nostra:</span> <span class='ocrx_word' id='word_1_359' title='bbox 1089 1413 1132 1444; x_wconf 91' lang='lat' dir='ltr'>im</span> <span class='ocrx_word' id='word_1_360' title='bbox 1163 1413 1373 1453; x_wconf 83' lang='lat' dir='ltr'>Gegensatze</span> <span class='ocrx_word' id='word_1_361' title='bbox 1402 1414 1487 1447; x_wconf 84' lang='lat' dir='ltr'>daun</span> 
     </span>
     <span class='ocr_line' id='line_1_56' title="bbox 821 1457 1492 1492; baseline 0.006 -4"><span class='ocrx_word' id='word_1_362' title='bbox 821 1458 1008 1489; x_wconf 77' lang='lat' dir='ltr'>communis</span> <span class='ocrx_word' id='word_1_363' title='bbox 1024 1458 1053 1489; x_wconf 93' lang='lat' dir='ltr'>d.</span> <span class='ocrx_word' id='word_1_364' title='bbox 1072 1457 1093 1489; x_wconf 92' lang='lat' dir='ltr'>i.</span> <span class='ocrx_word' id='word_1_365' title='bbox 1111 1460 1142 1489; x_wconf 82' lang='lat' dir='ltr'>et</span> <span class='ocrx_word' id='word_1_366' title='bbox 1166 1461 1277 1490; x_wconf 80' lang='lat' dir='ltr'>vostra</span> <span class='ocrx_word' id='word_1_367' title='bbox 1305 1462 1334 1490; x_wconf 79' lang='lat' dir='ltr'>et</span> <span class='ocrx_word' id='word_1_368' title='bbox 1362 1462 1492 1492; x_wconf 75' lang='lat' dir='ltr'>nostra.</span> 
     </span>
     <span class='ocr_line' id='line_1_57' title="bbox 822 1502 1494 1546; baseline 0.007 -13"><span class='ocrx_word' id='word_1_369' title='bbox 822 1502 892 1534; x_wconf 83' lang='lat' dir='ltr'>Auf</span> <span class='ocrx_word' id='word_1_370' title='bbox 904 1502 964 1534; x_wconf 90' lang='lat' dir='ltr'>der</span> <span class='ocrx_word' id='word_1_371' title='bbox 981 1502 1079 1534; x_wconf 91' lang='lat' dir='ltr'>einen</span> <span class='ocrx_word' id='word_1_372' title='bbox 1097 1503 1188 1535; x_wconf 86' lang='lat' dir='ltr'>Seite</span> <span class='ocrx_word' id='word_1_373' title='bbox 1209 1505 1261 1535; x_wconf 89' lang='lat' dir='ltr'>die</span> <span class='ocrx_word' id='word_1_374' title='bbox 1278 1505 1494 1546; x_wconf 68' lang='lat' dir='ltr'>perstinliehe</span> 
     </span>
     <span class='ocr_line' id='line_1_58' title="bbox 822 1547 1496 1589; baseline 0.004 -9"><span class='ocrx_word' id='word_1_375' title='bbox 822 1548 947 1580; x_wconf 91' lang='lat' dir='ltr'>Schuld</span> <span class='ocrx_word' id='word_1_376' title='bbox 965 1548 1022 1579; x_wconf 90' lang='lat' dir='ltr'>des</span> <span class='ocrx_word' id='word_1_377' title='bbox 1041 1547 1239 1589; x_wconf 84' lang='lat' dir='ltr'>Einzeluen,</span> <span class='ocrx_word' id='word_1_378' title='bbox 1271 1549 1330 1582; x_wconf 87' lang='lat' dir='ltr'>auf</span> <span class='ocrx_word' id='word_1_379' title='bbox 1356 1550 1415 1582; x_wconf 87' lang='lat' dir='ltr'>der</span> <span class='ocrx_word' id='word_1_380' title='bbox 1433 1560 1496 1582; x_wconf 88' lang='lat' dir='ltr'>an-</span> 
     </span>
     <span class='ocr_line' id='line_1_59' title="bbox 822 1593 1496 1628; baseline 0.006 -4"><span class='ocrx_word' id='word_1_381' title='bbox 822 1594 923 1625; x_wconf 85' lang='lat' dir='ltr'>deren</span> <span class='ocrx_word' id='word_1_382' title='bbox 941 1593 998 1624; x_wconf 85' lang='lat' dir='ltr'>das</span> <span class='ocrx_word' id='word_1_383' title='bbox 1014 1603 1079 1624; x_wconf 93' lang='lat' dir='ltr'>von</span> <span class='ocrx_word' id='word_1_384' title='bbox 1089 1593 1244 1626; x_wconf 86' lang='lat' dir='ltr'>niemand</span> <span class='ocrx_word' id='word_1_385' title='bbox 1255 1595 1496 1628; x_wconf 85' lang='lat' dir='ltr'>verschuldete</span> 
     </span>
     <span class='ocr_line' id='line_1_60' title="bbox 821 1637 1215 1679; baseline 0 -9"><span class='ocrx_word' id='word_1_386' title='bbox 821 1638 1020 1679; x_wconf 86' lang='lat' dir='ltr'>allgemeine</span> <span class='ocrx_word' id='word_1_387' title='bbox 1039 1637 1215 1670; x_wconf 88' lang='lat' dir='ltr'>Geschick.</span> 
     </span>
    </p>

    <p class='ocr_par' dir='ltr' id='par_1_14' title="bbox 819 1683 1505 2628">
     <span class='ocr_line' id='line_1_61' title="bbox 866 1683 1500 1726; baseline 0.006 -12"><span class='ocrx_word' id='word_1_388' title='bbox 866 1683 885 1715; x_wconf 78' lang='lat'>9</span> <span class='ocrx_word' id='word_1_389' title='bbox 940 1685 1098 1724; x_wconf 75' lang='lat' dir='ltr'>ingenio.-</span> <span class='ocrx_word' id='word_1_390' title='bbox 1131 1684 1166 1715; x_wconf 92' lang='lat' dir='ltr'>in</span> <span class='ocrx_word' id='word_1_391' title='bbox 1206 1685 1266 1717; x_wconf 91' lang='lat' dir='ltr'>der</span> <span class='ocrx_word' id='word_1_392' title='bbox 1300 1685 1500 1726; x_wconf 82' lang='lat' dir='ltr'>Bedeutung</span> 
     </span>
     <span class='ocr_line' id='line_1_62' title="bbox 821 1728 1499 1769; baseline 0.006 -10"><span class='ocrx_word' id='word_1_393' title='bbox 821 1728 1034 1769; x_wconf 80' lang='lat' dir='ltr'>‚,natiirliche</span> <span class='ocrx_word' id='word_1_394' title='bbox 1059 1729 1352 1762; x_wconf 83' lang='lat' dir='ltr'>Beschaffenheit“</span> <span class='ocrx_word' id='word_1_395' title='bbox 1379 1731 1445 1762; x_wconf 83' lang='lat' dir='ltr'>wie</span> <span class='ocrx_word' id='word_1_396' title='bbox 1465 1731 1499 1763; x_wconf 88' lang='lat' dir='ltr'>in</span> 
     </span>
     <span class='ocr_line' id='line_1_63' title="bbox 820 1773 1498 1815; baseline 0.004 -10"><span class='ocrx_word' id='word_1_397' title='bbox 820 1773 906 1805; x_wconf 88' lang='lat' dir='ltr'>zwei</span> <span class='ocrx_word' id='word_1_398' title='bbox 925 1773 1147 1813; x_wconf 79' lang='lat' dir='ltr'>Fragmenten</span> <span class='ocrx_word' id='word_1_399' title='bbox 1177 1775 1236 1807; x_wconf 88' lang='lat' dir='ltr'>des</span> <span class='ocrx_word' id='word_1_400' title='bbox 1254 1774 1394 1815; x_wconf 83' lang='lat' dir='ltr'>Sallust,</span> <span class='ocrx_word' id='word_1_401' title='bbox 1412 1776 1498 1808; x_wconf 87' lang='lat' dir='ltr'>Hist.</span> 
     </span>
     <span class='ocr_line' id='line_1_64' title="bbox 823 1816 1499 1859; baseline 0.001 -7"><span class='ocrx_word' id='word_1_402' title='bbox 823 1821 852 1859; x_wconf 88' lang='lat'>1,</span> <span class='ocrx_word' id='word_1_403' title='bbox 872 1819 910 1851; x_wconf 89' lang='grc'>61</span> <span class='ocrx_word' id='word_1_404' title='bbox 932 1816 991 1850; x_wconf 78' lang='lat' dir='ltr'>Hr.</span> <span class='ocrx_word' id='word_1_405' title='bbox 1014 1820 1042 1859; x_wconf 89' lang='lat'>1,</span> <span class='ocrx_word' id='word_1_406' title='bbox 1062 1820 1103 1851; x_wconf 88' lang='grc'>67</span> <span class='ocrx_word' id='word_1_407' title='bbox 1122 1819 1154 1851; x_wconf 89' lang='lat' dir='ltr'>k.</span> <span class='ocrx_word' id='word_1_408' title='bbox 1180 1819 1226 1853; x_wconf 85' lang='lat' dir='ltr'>A.</span> <span class='ocrx_word' id='word_1_409' title='bbox 1253 1820 1339 1852; x_wconf 76' lang='lat' dir='ltr'>duas</span> <span class='ocrx_word' id='word_1_410' title='bbox 1369 1822 1499 1853; x_wconf 73' lang='lat' dir='ltr'>insulas</span> 
     </span>
     <span class='ocr_line' id='line_1_65' title="bbox 823 1864 1498 1908; baseline 0.004 -13"><span class='ocrx_word' id='word_1_411' title='bbox 823 1889 828 1895; x_wconf 97' lang='lat'>.</span> <span class='ocrx_word' id='word_1_412' title='bbox 849 1889 855 1895; x_wconf 85' lang='lat'>.</span> <span class='ocrx_word' id='word_1_413' title='bbox 873 1864 1047 1896; x_wconf 78' lang='lat' dir='ltr'>constabat</span> <span class='ocrx_word' id='word_1_414' title='bbox 1064 1867 1183 1906; x_wconf 72' lang='lat' dir='ltr'>suopte</span> <span class='ocrx_word' id='word_1_415' title='bbox 1200 1867 1343 1908; x_wconf 74' lang='lat' dir='ltr'>ingenio</span> <span class='ocrx_word' id='word_1_416' title='bbox 1359 1866 1498 1898; x_wconf 80' lang='lat' dir='ltr'>alimen—</span> 
     </span>
     <span class='ocr_line' id='line_1_66' title="bbox 821 1908 1502 1953; baseline 0.007 -14"><span class='ocrx_word' id='word_1_417' title='bbox 821 1911 857 1940; x_wconf 78' lang='lat' dir='ltr'>ta</span> <span class='ocrx_word' id='word_1_418' title='bbox 872 1908 1076 1941; x_wconf 76' lang='lat' dir='ltr'>mor-talibus</span> <span class='ocrx_word' id='word_1_419' title='bbox 1088 1911 1246 1952; x_wconf 70' lang='lat' dir='ltr'>gig-nere,</span> <span class='ocrx_word' id='word_1_420' title='bbox 1277 1912 1342 1943; x_wconf 93' lang='lat' dir='ltr'>und</span> <span class='ocrx_word' id='word_1_421' title='bbox 1362 1912 1445 1943; x_wconf 89' lang='lat' dir='ltr'>Hist.</span> <span class='ocrx_word' id='word_1_422' title='bbox 1467 1912 1502 1953; x_wconf 85' lang='lat'>3,</span> 
     </span>
     <span class='ocr_line' id='line_1_67' title="bbox 824 1954 1501 1997; baseline 0.006 -12"><span class='ocrx_word' id='word_1_423' title='bbox 824 1954 864 1985; x_wconf 87' lang='lat'>17</span> <span class='ocrx_word' id='word_1_424' title='bbox 881 1956 1066 1995; x_wconf 76' lang='lat' dir='ltr'>castrisque</span> <span class='ocrx_word' id='word_1_425' title='bbox 1082 1955 1220 1987; x_wconf 61' lang='lat' dir='ltr'>conlatis</span> <span class='ocrx_word' id='word_1_426' title='bbox 1249 1965 1369 1997; x_wconf 75' lang='lat' dir='ltr'>pagna</span> <span class='ocrx_word' id='word_1_427' title='bbox 1386 1960 1501 1989; x_wconf 79' lang='lat' dir='ltr'>tamen</span> 
     </span>
     <span class='ocr_line' id='line_1_68' title="bbox 822 1998 1497 2041; baseline 0.004 -10"><span class='ocrx_word' id='word_1_428' title='bbox 822 2000 960 2041; x_wconf 77' lang='lat' dir='ltr'>ingenio</span> <span class='ocrx_word' id='word_1_429' title='bbox 974 1998 1307 2040; x_wconf 60' lang='lat' dir='ltr'>lociprolzibebatam·</span> <span class='ocrx_word' id='word_1_430' title='bbox 1324 2001 1402 2034; x_wconf 87' lang='lat' dir='ltr'>Tac.</span> <span class='ocrx_word' id='word_1_431' title='bbox 1412 2003 1497 2034; x_wconf 90' lang='lat' dir='ltr'>Hist.</span> 
     </span>
     <span class='ocr_line' id='line_1_69' title="bbox 825 2044 1503 2090; baseline 0.004 -14"><span class='ocrx_word' id='word_1_432' title='bbox 825 2045 855 2084; x_wconf 86' lang='lat'>5,</span> <span class='ocrx_word' id='word_1_433' title='bbox 901 2045 939 2076; x_wconf 77' lang='lat'>14</span> <span class='ocrx_word' id='word_1_434' title='bbox 972 2044 1118 2076; x_wconf 75' lang='lat' dir='ltr'>latitudo</span> <span class='ocrx_word' id='word_1_435' title='bbox 1157 2056 1355 2088; x_wconf 75' lang='lat' dir='ltr'>camporum</span> <span class='ocrx_word' id='word_1_436' title='bbox 1388 2051 1503 2090; x_wconf 74' lang='lat' dir='ltr'>suopte</span> 
     </span>
     <span class='ocr_line' id='line_1_70' title="bbox 823 2090 1505 2130; baseline 0.007 -10"><span class='ocrx_word' id='word_1_437' title='bbox 823 2091 960 2130; x_wconf 72' lang='lat' dir='ltr'>ingenio</span> <span class='ocrx_word' id='word_1_438' title='bbox 976 2090 1197 2122; x_wconf 68' lang='lat' dir='ltr'>humentium.</span> <span class='ocrx_word' id='word_1_439' title='bbox 1242 2091 1323 2123; x_wconf 76' lang='lat' dir='ltr'>Dein</span> <span class='ocrx_word' id='word_1_440' title='bbox 1356 2093 1505 2125; x_wconf 83' lang='lat' dir='ltr'>natiirli-</span> 
     </span>
     <span class='ocr_line' id='line_1_71' title="bbox 823 2133 1503 2170; baseline 0.004 -4"><span class='ocrx_word' id='word_1_441' title='bbox 823 2136 904 2166; x_wconf 90' lang='lat' dir='ltr'>chen</span> <span class='ocrx_word' id='word_1_442' title='bbox 931 2133 1023 2166; x_wconf 89' lang='lat' dir='ltr'>Tode</span> <span class='ocrx_word' id='word_1_443' title='bbox 1042 2135 1128 2166; x_wconf 90' lang='lat' dir='ltr'>wird</span> <span class='ocrx_word' id='word_1_444' title='bbox 1154 2137 1241 2168; x_wconf 86' lang='lat' dir='ltr'>dann</span> <span class='ocrx_word' id='word_1_445' title='bbox 1268 2136 1328 2168; x_wconf 85' lang='lat' dir='ltr'>der</span> <span class='ocrx_word' id='word_1_446' title='bbox 1358 2136 1413 2169; x_wconf 76' lang='lat' dir='ltr'>fiir</span> <span class='ocrx_word' id='word_1_447' title='bbox 1444 2138 1503 2170; x_wconf 85' lang='lat' dir='ltr'>das</span> 
     </span>
     <span class='ocr_line' id='line_1_72' title="bbox 822 2179 1504 2224; baseline 0.006 -13"><span class='ocrx_word' id='word_1_448' title='bbox 822 2180 1021 2220; x_wconf 83' lang='lat' dir='ltr'>allgemeine</span> <span class='ocrx_word' id='word_1_449' title='bbox 1041 2179 1140 2212; x_wconf 84' lang='lat' dir='ltr'>Beste</span> <span class='ocrx_word' id='word_1_450' title='bbox 1171 2181 1336 2213; x_wconf 87' lang='lat' dir='ltr'>erlittene</span> <span class='ocrx_word' id='word_1_451' title='bbox 1355 2183 1427 2215; x_wconf 88' lang='lat' dir='ltr'>Tod</span> <span class='ocrx_word' id='word_1_452' title='bbox 1446 2193 1504 2224; x_wconf 86' lang='lat' dir='ltr'>ge·</span> 
     </span>
     <span class='ocr_line' id='line_1_73' title="bbox 821 2225 1503 2266; baseline 0.007 -11"><span class='ocrx_word' id='word_1_453' title='bbox 821 2225 968 2266; x_wconf 83' lang='lat' dir='ltr'>geniiber</span> <span class='ocrx_word' id='word_1_454' title='bbox 987 2226 1136 2264; x_wconf 85' lang='lat' dir='ltr'>gestellt.</span> <span class='ocrx_word' id='word_1_455' title='bbox 1157 2245 1200 2250; x_wconf 87' lang='lat'>—</span> <span class='ocrx_word' id='word_1_456' title='bbox 1219 2227 1292 2258; x_wconf 86' lang='lat' dir='ltr'>Der</span> <span class='ocrx_word' id='word_1_457' title='bbox 1320 2226 1503 2260; x_wconf 87' lang='lat' dir='ltr'>Ausdruck</span> 
     </span>
     <span class='ocr_line' id='line_1_74' title="bbox 820 2270 1502 2312; baseline 0.007 -12"><span class='ocrx_word' id='word_1_458' title='bbox 820 2270 920 2312; x_wconf 83' lang='lat' dir='ltr'>finem</span> <span class='ocrx_word' id='word_1_459' title='bbox 941 2271 1024 2301; x_wconf 62' lang='lat' dir='ltr'>vitae</span> <span class='ocrx_word' id='word_1_460' title='bbox 1040 2271 1190 2312; x_wconf 78' lang='lat' dir='ltr'>facere</span> <span class='ocrx_word' id='word_1_461' title='bbox 1220 2273 1277 2303; x_wconf 86' lang='lat' dir='ltr'>hat</span> <span class='ocrx_word' id='word_1_462' title='bbox 1312 2272 1345 2303; x_wconf 91' lang='lat' dir='ltr'>in</span> <span class='ocrx_word' id='word_1_463' title='bbox 1382 2274 1502 2305; x_wconf 87' lang='lat' dir='ltr'>beiden</span> 
     </span>
     <span class='ocr_line' id='line_1_75' title="bbox 821 2315 1504 2356; baseline 0.009 -11"><span class='ocrx_word' id='word_1_464' title='bbox 821 2315 1052 2356; x_wconf 80' lang='lat' dir='ltr'>Beziehungen</span> <span class='ocrx_word' id='word_1_465' title='bbox 1069 2316 1131 2347; x_wconf 89' lang='lat' dir='ltr'>den</span> <span class='ocrx_word' id='word_1_466' title='bbox 1188 2317 1369 2349; x_wconf 68' lang='lat' dir='ltr'>neutralem</span> <span class='ocrx_word' id='word_1_467' title='bbox 1423 2319 1504 2351; x_wconf 88' lang='lat' dir='ltr'>Sinn</span> 
     </span>
     <span class='ocr_line' id='line_1_76' title="bbox 820 2359 1501 2402; baseline 0.006 -11"><span class='ocrx_word' id='word_1_468' title='bbox 820 2360 987 2400; x_wconf 84' lang='lat' dir='ltr'>„denTod</span> <span class='ocrx_word' id='word_1_469' title='bbox 1007 2359 1064 2392; x_wconf 86' lang='lat' dir='ltr'>fin</span> <span class='ocrx_word' id='word_1_470' title='bbox 1077 2361 1095 2391; x_wconf 94' lang='lat' dir='ltr'>d</span> <span class='ocrx_word' id='word_1_471' title='bbox 1107 2372 1123 2391; x_wconf 82' lang='lat' dir='ltr'>e</span> <span class='ocrx_word' id='word_1_472' title='bbox 1135 2364 1184 2392; x_wconf 84' lang='lat' dir='ltr'>n“</span> <span class='ocrx_word' id='word_1_473' title='bbox 1207 2363 1290 2393; x_wconf 77' lang='lat' dir='ltr'>oder</span> <span class='ocrx_word' id='word_1_474' title='bbox 1309 2362 1501 2402; x_wconf 77' lang='lat' dir='ltr'>„aufho&#39;ren</span> 
     </span>
     <span class='ocr_line' id='line_1_77' title="bbox 821 2405 1501 2445; baseline 0.009 -10"><span class='ocrx_word' id='word_1_475' title='bbox 821 2416 861 2436; x_wconf 91' lang='lat' dir='ltr'>zu</span> <span class='ocrx_word' id='word_1_476' title='bbox 880 2405 1017 2445; x_wconf 80' lang='lat' dir='ltr'>leben“;</span> <span class='ocrx_word' id='word_1_477' title='bbox 1049 2406 1133 2437; x_wconf 82' lang='lat' dir='ltr'>deno</span> <span class='ocrx_word' id='word_1_478' title='bbox 1165 2407 1253 2438; x_wconf 85' lang='lat' dir='ltr'>auch</span> <span class='ocrx_word' id='word_1_479' title='bbox 1284 2407 1327 2438; x_wconf 87' lang='lat' dir='ltr'>im</span> <span class='ocrx_word' id='word_1_480' title='bbox 1358 2410 1501 2441; x_wconf 89' lang='lat' dir='ltr'>zweiten</span> 
     </span>
     <span class='ocr_line' id='line_1_78' title="bbox 820 2450 1500 2493; baseline 0.009 -13"><span class='ocrx_word' id='word_1_481' title='bbox 820 2450 938 2481; x_wconf 86' lang='lat' dir='ltr'>Theilc</span> <span class='ocrx_word' id='word_1_482' title='bbox 957 2451 1013 2481; x_wconf 88' lang='lat' dir='ltr'>des</span> <span class='ocrx_word' id='word_1_483' title='bbox 1032 2451 1162 2489; x_wconf 79' lang='lat' dir='ltr'>Satzes,</span> <span class='ocrx_word' id='word_1_484' title='bbox 1184 2462 1249 2493; x_wconf 80' lang='lat' dir='ltr'>pro</span> <span class='ocrx_word' id='word_1_485' title='bbox 1283 2456 1391 2484; x_wconf 74' lang='lat' dir='ltr'>vostra</span> <span class='ocrx_word' id='word_1_486' title='bbox 1423 2460 1500 2490; x_wconf 77' lang='lat' dir='ltr'>etc..</span> 
     </span>
     <span class='ocr_line' id='line_1_79' title="bbox 822 2494 1498 2539; baseline 0.007 -13"><span class='ocrx_word' id='word_1_487' title='bbox 822 2496 916 2526; x_wconf 81' lang='lat' dir='ltr'>redet</span> <span class='ocrx_word' id='word_1_488' title='bbox 935 2494 1032 2526; x_wconf 82' lang='lat' dir='ltr'>Cotta</span> <span class='ocrx_word' id='word_1_489' title='bbox 1052 2496 1142 2527; x_wconf 85' lang='lat' dir='ltr'>nicht</span> <span class='ocrx_word' id='word_1_490' title='bbox 1171 2507 1245 2528; x_wconf 79' lang='lat' dir='ltr'>von]</span> <span class='ocrx_word' id='word_1_491' title='bbox 1277 2498 1498 2539; x_wconf 73' lang='lat' dir='ltr'>Selbstmord,</span> 
     </span>
     <span class='ocr_line' id='line_1_80' title="bbox 820 2540 1501 2576; baseline 0.009 -6"><span class='ocrx_word' id='word_1_492' title='bbox 820 2540 963 2571; x_wconf 90' lang='lat' dir='ltr'>sondern</span> <span class='ocrx_word' id='word_1_493' title='bbox 985 2551 1057 2572; x_wconf 86' lang='lat' dir='ltr'>vom</span> <span class='ocrx_word' id='word_1_494' title='bbox 1083 2541 1245 2573; x_wconf 81' lang='lat' dir='ltr'>Erleiden</span> <span class='ocrx_word' id='word_1_495' title='bbox 1273 2543 1331 2574; x_wconf 81' lang='lat' dir='ltr'>des</span> <span class='ocrx_word' id='word_1_496' title='bbox 1360 2544 1425 2575; x_wconf 84' lang='lat' dir='ltr'>ihm</span> <span class='ocrx_word' id='word_1_497' title='bbox 1443 2556 1501 2576; x_wconf 79' lang='lat' dir='ltr'>an·</span> 
     </span>
     <span class='ocr_line' id='line_1_81' title="bbox 819 2585 1499 2628; baseline 0.006 -12"><span class='ocrx_word' id='word_1_498' title='bbox 819 2586 1002 2625; x_wconf 89' lang='lat' dir='ltr'>gedrohtcn</span> <span class='ocrx_word' id='word_1_499' title='bbox 1022 2585 1144 2627; x_wconf 81' lang='lat' dir='ltr'>Todcs,</span> <span class='ocrx_word' id='word_1_500' title='bbox 1173 2587 1203 2618; x_wconf 93' lang='lat' dir='ltr'>in</span> <span class='ocrx_word' id='word_1_501' title='bbox 1227 2588 1335 2628; x_wconf 77' lang='lat' dir='ltr'>ssezug</span> <span class='ocrx_word' id='word_1_502' title='bbox 1362 2588 1421 2620; x_wconf 83' lang='lat' dir='ltr'>anf</span> <span class='ocrx_word' id='word_1_503' title='bbox 1443 2589 1499 2621; x_wconf 78' lang='lat' dir='ltr'>das</span> 
     </span>
    </p>
   </div>
   <div class='ocr_carea' id='block_1_9' title="bbox 1229 2644 1292 2678">
    <p class='ocr_par' dir='ltr' id='par_1_15' title="bbox 1229 2644 1292 2678">
     <span class='ocr_line' id='line_1_82' title="bbox 1229 2644 1292 2678; baseline 0.032 -2"><span class='ocrx_word' id='word_1_504' title='bbox 1229 2644 1292 2678; x_wconf 77' lang='lat'>16*</span> 
     </span>
    </p>
   </div>
  </div>
 </body>
</html>
