1720 2875
188 143 240 183 78
674 141 709 173 C.
735 140 945 175 SALLUSTI
970 141 1104 174 CRISPI

122 248 160 281 13
184 245 290 284 Bene
311 250 349 283 et
371 243 588 294 composite
609 242 649 282 C.
668 243 808 283 Caesar
829 244 940 295 paulo
962 249 1053 283 ante
1075 244 1116 283 in
1138 244 1212 284 hoc
1233 245 1370 285 ordine
1391 247 1438 286 de
1460 246 1535 285 vita
1557 252 1596 286 et

185 307 312 340 morte
329 300 525 345 disseruit,
543 299 657 338 credo
674 299 766 339 falsa
784 301 1027 340 existumans
1045 314 1100 345 ea,
1113 313 1212 352 quae
1229 301 1275 341 de
1291 302 1427 341 inferis
1445 315 1597 343 memo-

184 363 341 402 rantur,
374 357 529 395 divorso
550 356 690 395 itinere
713 358 833 396 malos
864 369 883 395 a
905 357 1019 396 bonis
1047 357 1129 396 loca
1157 363 1279 397 taetra
1311 358 1453 398 inculta
1483 359 1596 399 foeda

120 418 161 450 14
185 419 301 464 atque
320 413 574 452 formidulosa
592 411 746 452 habere.
786 414 920 464 ltaque
938 414 1091 453 censuit
1108 414 1293 465 pecunias
1311 427 1446 453 eorum
1465 415 1596 466 publi-

184 469 338 516 candas,
367 469 475 521 ipsos
496 481 565 520 per
586 469 796 521 municipia
818 471 857 508 in
880 470 1067 509 custodiis
1091 470 1312 509 habendos:
1346 471 1525 510 videlicet
1543 472 1596 511 ti-

184 537 319 571 mens,
341 537 411 573 ne,
433 526 467 565 si
486 526 634 564 Romae
655 526 754 572 sint,
786 532 854 565 aut
873 539 893 565 a
914 527 1167 577 popularibus
1189 527 1468 566 coniurationis
1489 534 1556 567 aut
1577 540 1598 567 a

119 588 159 619 15
184 582 437 622 multitudine
458 583 648 621 conducta
669 594 738 632 per
761 582 836 621 vim
860 583 1084 634 eripiantur.
1126 583 1241 630 Quasi
1265 596 1354 623 vero
1373 585 1463 623 mali
1479 590 1596 636 atque

183 639 337 678 scelesti
358 644 511 678 tantum
536 638 652 677 modo
675 638 712 676 in
735 639 831 677 urhe
852 645 889 678 et
912 651 991 677 non
1015 652 1083 690 per
1106 646 1225 679 totam
1249 641 1393 679 ltaliam
1417 643 1508 687 sint,
1531 646 1598 680 aut

185 706 267 734 non
288 695 341 734 ibi
365 696 449 748 plus
471 695 593 746 possit
617 695 793 739 audacia,
823 695 887 734 ubi
910 696 955 734 ad
980 696 1275 736 defendundum
1298 710 1392 748 opes
1424 698 1597 737 minores

118 757 159 789 16
184 758 289 791 sunt.
328 752 411 799 Qua
433 764 475 790 re
496 763 639 790 vanum
657 751 838 803 equidem
859 753 932 791 hoc
948 752 1153 791 consilium
1172 759 1242 798 est,
1266 754 1298 792 si
1317 754 1532 804 periculum
1551 767 1598 793 ex

183 808 257 847 illis
275 809 432 847 metuit:
457 808 516 847 sin
539 808 579 847 in
597 813 703 847 tanto
723 809 900 848 omnium
919 816 1025 848 metu
1043 809 1149 848 solus
1167 822 1247 849 non
1266 810 1390 857 timet,
1414 823 1459 849 eo
1477 810 1597 862 magis

117 871 156 903 17
183 865 305 904 refert
327 878 389 904 me
411 865 505 904 mihi
527 872 644 915 atque
667 865 773 904 vohis
795 866 946 904 timere.
992 866 1074 913 Qua
1096 878 1156 910 re,
1186 879 1274 905 cum
1299 867 1346 905 de
1369 867 1409 905 P.
1431 866 1598 906 Lentulo

183 922 403 973 ceterisque
424 922 616 967 statuetis,
640 933 710 972 pro
734 928 840 961 certo
858 921 1040 961 habetote
1056 935 1122 961 vos
1139 923 1254 961 simul
1273 924 1319 961 de
1338 924 1508 962 exercitu
1525 923 1599 963 Ca-

118 982 159 1015 18
183 978 315 1018 tilinae
339 984 376 1018 et
393 979 441 1017 de
459 978 644 1017 omnibus
662 978 874 1017 coniuratis
892 979 1117 1017 decernere.
1160 980 1314 1026 Quanto
1333 991 1398 1018 vos
1415 980 1598 1019 attentius

185 1048 227 1074 ea
245 1035 377 1085 agetis,
401 1041 512 1073 tanto
531 1035 601 1073 illis
621 1035 777 1074 animus
795 1035 987 1074 infirmior
1010 1035 1102 1073 erit:
1125 1035 1157 1073 si
1176 1036 1375 1086 paululum
1396 1037 1512 1075 modo
1530 1048 1598 1075 vos

117 1097 159 1129 19
183 1092 369 1142 languere
385 1091 565 1137 viderint,
583 1091 657 1130 iam
675 1103 811 1130 omnes
829 1093 976 1131 feroces
993 1092 1170 1131 aderunt.
1216 1091 1344 1131 Nolite
1361 1093 1599 1132 existumare

184 1149 350 1187 maiores
372 1154 528 1187 nostros
550 1148 668 1186 armis
690 1160 772 1187 rem
797 1148 988 1198 publicam
1012 1161 1057 1186 ex
1088 1160 1204 1199 parva
1234 1160 1414 1199 magnam
1447 1149 1598 1188 fecisse.

117 1209 160 1242 20
187 1204 228 1243 Si
244 1205 295 1243 ita
311 1217 374 1243 res
391 1205 642 1247 esset,mult0
662 1205 978 1255 pulcherrumam
999 1216 1080 1243 eam
1099 1216 1171 1243 nos
1189 1205 1438 1244 haberemus:
1454 1206 1599 1258 quippe

184 1262 378 1300 sociorum
397 1268 513 1312 atque
531 1261 685 1305 civium,
704 1267 901 1311 praeterea
920 1274 1116 1300 armorum
1135 1268 1251 1312 atque
1269 1274 1460 1313 equorum
1478 1263 1600 1302 maior

117 1323 157 1357 21
186 1318 297 1368 copia
319 1317 432 1356 nobis
455 1330 571 1368 quam
594 1317 666 1356 illis
686 1323 758 1356 est.
806 1318 881 1356 Sed
906 1318 976 1357 alia
999 1318 1108 1356 fuere
1130 1331 1228 1369 quae
1251 1318 1335 1357 illos
1358 1330 1518 1369 magnos
1540 1319 1599 1358 fe-

187 1387 288 1420 cere,
311 1387 410 1425 quae
431 1373 544 1413 nohis
566 1374 672 1413 nulla
693 1379 805 1413 sunt:
831 1375 937 1413 domi
958 1375 1161 1420 industria,
1186 1375 1279 1413 soris
1302 1375 1449 1414 iustum
1471 1375 1598 1427 impe-

187 1465 402 1505 nothwendig
426 1464 546 1496 einmal
570 1465 630 1496 der
662 1463 858 1506 Untergang

184 1509 439 1551 herbeigefiihrt
467 1509 601 1542 werden
629 1510 758 1550 wird“;
788 1510 855 1551 vgl.

185 1567 217 1588 u.
237 1566 265 1588 a.
287 1556 352 1596 lug.
374 1557 426 1595 31,
446 1555 498 1586 2ῖ.

235 1601 285 1632 13.
312 1600 354 1632 de
369 1601 516 1642 infem's:
540 1600 608 1632 Der
626 1600 856 1641 Volksglaube

185 1647 279 1679 hatte
315 1647 399 1678 noch
439 1647 512 1678 eine
542 1646 766 1687 Vorstellung
793 1656 855 1677 von

186 1691 545 1724 derUnsterblichkeit
555 1691 619 1723 und
637 1692 742 1723 einem
762 1690 858 1722 kiinf-

185 1738 279 1778 tigen
316 1736 468 1769 Gericht.
523 1738 609 1769 Sehr
647 1736 858 1777 ausgebildet

187 1782 290 1814 findet
308 1782 380 1813 sich
398 1782 492 1813 diese
511 1782 560 1814 bei
580 1782 718 1813 Platon:
750 1781 858 1814 Phae·

187 1828 296 1859 donc.
326 1828 367 1858 62
400 1825 551 1860 ἐπειδὰν
585 1824 814 1877 άᾳίκωιπει
824 1826 859 1859 οἵ

186 1868 456 1911 resalutandus·
474 1874 523 1908 εἰς
541 1870 602 1905 roz
633 1867 747 1904 τόπον
775 1884 809 1904 οι
837 1870 856 1904 ὁ

188 1917 330 1962 δαίμωι
359 1915 506 1949 ἕκαστον
536 1916 683 1961 κομίζει,
714 1918 859 1959 norsum*

186 1963 254 2017 μὲι
272 1961 521 1996 ὅιεὸικάσαντο
539 1963 630 1995 οἵτε
656 1964 768 1998 καλῶς
797 1965 857 1995 καὶ

188 2006 297 2045 ὁσίως
325 2010 357 2049 β
364 2003 520 2044 edatur&
547 2009 605 2040 καὶ
632 2007 666 2039 οἷ
681 2003 731 2051 αή
769 2013 856 2046 εἴας

188 2054 243 2085 die
260 2054 492 2086 unsiihnbarer
507 2053 720 2086 Verbiechen
738 2054 858 2086 Schul-

188 2099 287 2140 digen
303 2100 437 2130 werden
457 2098 510 2130 fiir
525 2100 631 2140 ewige
648 2099 752 2130 Zeit
745 2110 776 2130 in
796 2100 857 2131 den

188 2143 354 2176 Tartarus
390 2143 582 2185 geworl'en3
623 2145 755 2176 Andere
794 2156 859 2177 von

188 2190 281 2221 nicht
297 2199 382 2229 ganz
412 2201 447 2221 so
474 2189 608 2231 grosser
626 2189 748 2221 Schuld
770 2190 861 2222 kom-

188 2245 259 2266 men
279 2236 361 2267 eben
379 2235 491 2275 dahin,
510 2236 582 2267 siud
603 2236 757 2267 indessen
778 2236 859 2268 noch

189 2281 337 2317 rentiam
363 2281 416 2312 die
445 2279 553 2312 Guten
586 2281 666 2312 aber
695 2280 859 2322 gelangen

189 2325 317 2356 ulsbald
341 2327 390 2360 εἰς
419 2323 482 2366 Τὴν
511 2323 682 2367 xcng‘htm'n
709 2327 856 2367 οἴκησιπ,

189 2370 254 2402 und
273 2375 372 2402 nnter
389 2371 488 2402 ihneu
509 2372 638 2403 wieder
655 2370 690 2403 οἶ
707 2373 790 2425 (pilu
784 2382 857 2403 ισο-

190 2415 402 2467 φ’ᾳῖκιινώς
431 2409 677 2458 καθηοάυειοι
708 2415 794 2450 (law
822 2427 857 2450 τε

190 2458 369 2513 σωμάτωι
400 2460 484 2497 §nim
523 2460 561 2494 τὸ
596 2456 775 2504 nominor
807 2463 857 2497 εἰς

189 2503 252 2537 τὸν
268 2504 342 2538 ἕπε
349 2517 388 2537 τα
401 2518 469 2550 χρ
464 2502 538 2539 ἶπον
556 2509 610 2539 καὶ
637 2509 685 2542 εἰς
706 2503 858 2548 οἰκήσεις

189 2549 238 2583 ἔτι
262 2543 396 2583 rodum
420 2553 587 2588 καλιλίοις
606 2548 854 2595 ἀφικιοῡιται.

188 2596 283 2629 Anch
299 2596 424 2637 Zenon,
454 2597 513 2628 der
530 2596 653 2629 Stiiter
685 2599 745 2630 der
773 2599 859 2631 stoi-

931 1466 1030 1497 sehon
1055 1464 1187 1505 Schule,
1218 1465 1312 1497 nabin
1343 1465 1395 1497 die
1413 1465 1600 1507 Scheidung

931 1511 989 1543 der
1003 1510 1112 1542 Guten
1131 1510 1195 1542 und
1212 1511 1312 1542 Biisen
1329 1511 1411 1542 nach
1429 1510 1601 1544 demTode

930 1567 981 1588 an.
1001 1574 1042 1578 -
1065 1556 1145 1587 nass
1155 1556 1236 1587 Cato
1253 1557 1284 1587 in
1296 1555 1393 1589 Utica
1403 1556 1600 1588 vorseiuem

930 1601 1022 1633 Tude
1043 1601 1102 1633 den
1126 1601 1277 1633 Phaedon
1299 1601 1361 1640 las,
1382 1601 1428 1634 ist
1446 1601 1598 1634 bekannt.

981 1649 1030 1678 15.
1049 1649 1080 1677 et
1095 1657 1160 1677 mm
1171 1647 1252 1678 oder
1267 1657 1307 1678 ae
1322 1656 1388 1678 ηοη
1400 1647 1483 1679 nach
1493 1648 1600 1688 quasi,

930 1691 996 1723 wie
1012 1692 1095 1723 auch
1111 1693 1193 1724 nach
1207 1693 1247 1732 si,
1267 1691 1420 1724 s‹·hliel'st
1435 1692 1490 1724 die
1507 1693 1599 1724 rich-

930 1737 1178 1778 tigeAnuahnne
1193 1748 1232 1768 an
1252 1737 1306 1768 die
1324 1737 1599 1778 voi-hergehende

930 1782 1058 1815 salsche
1076 1792 1134 1816 an:
1156 1783 1221 1822 vgl.
1244 1781 1310 1822 lug.
1332 1783 1363 1823 4,
1382 1783 1413 1814 8.

980 1829 1030 1860 16.
1057 1827 1227 1868 equidem:
1245 1838 1285 1859 zu
1304 1829 1356 1865 51,
1376 1828 1428 1860 15.

976 1883 1011 1905 eo
1028 1875 1142 1915 mag-is
1161 1878 1222 1904 etc.
1244 1872 1385 1905 niimlich
1421 1873 1499 1904 weil
1516 1872 1602 1905 cae-

932 1929 989 1950 sar
1006 1918 1163 1957 dadurch,
1194 1919 1273 1950 dass
1301 1928 1338 1950 er
1372 1918 1476 1950 allein
1508 1917 1602 1951 nieht

932 1962 1101 2001 ffirclitet,
1135 1963 1241 1995 selbst
1273 1962 1464 2004 gef'ahrlich
1503 1963 1602 1996 wird.

932 2010 1042 2041 Daran
1074 2008 1229 2040 schliel'st
1257 2009 1330 2040 sich
1354 2009 1412 2041 das
1430 2008 1601 2050 Fulgende

932 2054 1073 2097 passend
1092 2064 1142 2085 an.

982 2100 1031 2131 18.
1081 2101 1128 2131 si:
1165 2098 1386 2142 asyndetisch
1422 2099 1505 2130 ohne
1538 2099 1601 2131 Be-

934 2145 1119 2200 zeiclinung
1151 2145 1209 2176 des
1242 2144 1502 2185 Adversativen,
1535 2143 1601 2176 wie

977 2236 1046 2278 fer.
1063 2234 1227 2266 aderunt.-
1258 2244 1298 2264 zu
1317 2234 1347 2272 6,
1367 2234 1404 2272 4;
1435 2234 1502 2275 ng
1533 2233 1601 2276 lug.

934 2283 988 2321 5⁰,
1006 2283 1036 2313 4.
1063 2298 1103 2303 —
1123 2279 1204 2311 Hier
1223 2283 1310 2311 setzt
1347 2279 1429 2311 Cato
1465 2289 1600 2317 vorans,

932 2327 1010 2358 dass
1029 2325 1120 2359 seine
1139 2324 1273 2363 Gegner
1291 2324 1499 2362 einwenden,
1516 2325 1602 2357 dann

929 2372 1043 2404 werde
1072 2381 1143 2401 niun
1175 2371 1244 2401 sich
1279 2370 1336 2401 mit
1378 2371 1440 2402 den
1470 2369 1601 2402 Waffen

932 2417 1109 2453 schiitzen3
1129 2415 1231 2447 daher
1249 2415 1308 2446 das
1329 2414 1507 2456 Folgeude.

977 2462 1028 2493 21.
1059 2471 1142 2504 quae
1160 2460 1232 2491 illos
1250 2488 1257 2494 .
1278 2485 1285 2492 .
1304 2459 1433 2502 fecere:
1453 2461 1499 2493 ist
1515 2459 1600 2492 Sub-

925 2507 998 2549 ject
1015 2518 1055 2538 zu
1079 2505 1146 2538 alia
1155 2507 1270 2547 suere.

975 2552 1242 2595 qzme..null‹1.·
1272 2549 1342 2593 lug.
1374 2550 1426 2590 86,
1463 2551 1501 2592 3;
1543 2550 1602 2583 Or.

931 2598 1008 2641 Lep.
1029 2600 1065 2637 93
1087 2596 1156 2630 Cic.
1184 2608 1214 2639 p.
1233 2598 1311 2630 SeX.
1343 2597 1440 2630 Rosc.
1464 2597 1517 2637 44,
1539 2595 1602 2630 128
