1720 2875
137 958 211 995 105

233 125 314 164 210

717 122 753 155 C.
778 122 987 157 SALLUSTI
1011 122 1144 156 CRISPI

233 228 276 266 fit
310 227 358 265 ab
386 225 568 271 consule3
603 225 751 264 interea
779 225 953 265 indutiae
980 225 1290 277 postulabantur.
1347 226 1402 265 Ea
1432 227 1561 267 Sullae
1598 233 1636 267 et

233 283 428 334 plerisque
450 281 649 332 placuere3
670 282 782 333 pauci
804 282 974 321 ferocius
996 282 1227 328 decernunt⁷
1251 282 1396 322 scilicet
1415 282 1538 333 ignari
1560 284 1634 323 hu—

235 350 438 377 manarum
459 350 605 385 rerum,
627 350 725 389 quae
745 338 868 378 fluxae
890 343 928 378 et
949 338 1112 378 mobiles
1134 351 1289 389 semper
1310 339 1350 378 in
1365 339 1525 379 advorsa
1548 352 1634 379 mu-

190 400 208 431 3
235 400 380 433 tantur.
412 395 593 433 Ceterum
613 394 737 433 Mauri
759 395 976 446 impetratis
993 395 1277 434 omnibus-tres
1295 395 1457 434 Romam
1474 396 1636 447 profecti

229 463 319 490 cum
341 451 410 490 Cn.
434 450 590 489 Octavio
612 451 785 496 Rusone,
821 451 888 502 qui
915 457 1099 502 quaestor
1128 451 1370 503 stipendium
1398 452 1438 490 in
1466 453 1635 492 Africam

228 512 469 559 portaverat;
491 507 567 546 duo
590 507 637 545 ad
659 519 788 558 regem
809 508 987 546 redeunt.
1030 508 1085 546 Ex
1114 508 1170 547 eis
1191 508 1368 547 Bocchus
1397 520 1484 547 cum
1508 515 1635 548 cetera

184 570 204 602 4
228 570 313 603 tum
331 576 512 603 maxume
529 563 809 615 benignitatem
831 572 869 602 et
885 564 1056 602 studium
1076 564 1203 603 Sullae
1220 564 1358 603 lubens
1375 564 1532 616 accepit.
1554 565 1637 604 Ro—

229 633 314 659 mae
335 620 470 671 legatis
491 620 587 666 eius,
619 626 827 672 postquam
858 632 1006 660 errasse
1029 633 1162 670 regem
1192 626 1231 660 et
1253 621 1462 671 Iugurthae
1488 621 1636 661 scelere

227 676 381 728 lapsum
405 677 602 728 deprecati
622 683 726 721 sunt,
749 677 959 716 amicitiam
977 683 1014 715 et
1035 677 1174 716 foedus
1190 677 1412 728 petentibus
1429 677 1503 717 hoc
1518 678 1635 717 modo

231 733 516 784 respondetur:

347 789 543 836 „Senatus
566 794 604 829 et
625 789 794 841 populus
816 789 1016 828 Romanus
1038 789 1201 828 benefici
1231 795 1270 828 et
1298 789 1463 829 iniuriae
1485 802 1637 829 memor

232 858 318 884 esse
341 846 450 885 solet.
484 846 664 885 Ceterum
685 846 857 890 Boccho,
887 846 1071 897 quoniam
1098 846 1283 897 paenitet,
1315 845 1444 884 delicti
1473 846 1634 896 gratiam

230 902 342 947 facit3
363 903 504 941 foedus
527 908 566 941 et
587 902 754 942 amicitia
773 902 981 948 dabuntur,
1005 915 1093 941 cum
1114 902 1339 940 meruerit.“

343 958 494 1005 Quibus
515 958 632 999 rebus
655 959 818 1010 cognitis
841 959 1014 998 Bocchus
1036 971 1107 1009 per
1134 959 1280 997 litteras
1301 970 1323 996 a
1342 957 1460 997 Mario
1490 957 1634 1010 petivit,

229 1015 288 1055 uti
309 1015 455 1054 Sullam
478 1016 523 1055 ad
547 1028 590 1055 se
611 1016 798 1060 mitteret,
820 1016 930 1054 cuius
947 1015 1138 1054 arbitratu
1159 1014 1205 1052 de
1224 1014 1500 1054 communibus
1518 1025 1638 1064 nego-

187 1078 206 1110 2
232 1072 296 1111 tiis
319 1072 604 1111 consuleretur.
637 1072 673 1111 Is
696 1072 839 1110 missus
863 1084 951 1110 cum
973 1071 1168 1122 praesidio
1190 1071 1365 1122 equitum
1389 1077 1503 1122 atque
1525 1071 1637 1122 pedi-

230 1135 329 1175 tum,
351 1129 443 1167 item
466 1129 711 1167 funditorum
735 1128 971 1174 Balea1·ium;
994 1134 1194 1179 praeterea
1214 1128 1296 1166 iere
1313 1127 1498 1177 sagittarii
1516 1132 1555 1166 et
1571 1139 1636 1167 co·

230 1186 324 1224 hors
345 1185 527 1237 Paeligna
549 1197 637 1224 cum
660 1184 883 1223 velitaribus
912 1185 1051 1230 armis,
1079 1184 1231 1222 itineris
1258 1184 1496 1235 properandi
1524 1196 1635 1223 causa

231 1253 363 1293 neque
384 1242 445 1280 his
467 1254 578 1280 secus
601 1247 717 1292 atque
739 1241 822 1280 aliis
855 1241 972 1280 armis
995 1241 1180 1279 advorsus
1210 1241 1284 1279 tela
1315 1240 1505 1286 hostium,
1534 1240 1637 1292 quod

187 1303 206 1334 3
234 1311 278 1337 ea
299 1298 396 1337 levia
419 1304 526 1345 sunt,
550 1298 702 1336 muniti.
736 1297 813 1336 Sed
835 1298 873 1336 in
897 1297 1038 1336 itinere
1060 1297 1197 1348 quinto
1220 1297 1389 1349 denique
1417 1297 1480 1336 die
1501 1297 1636 1339 Volux.

232 1355 334 1394 filius
356 1355 510 1400 Bocchi,
532 1360 697 1406 repente
718 1354 758 1393 in
780 1354 924 1405 campis
946 1353 1167 1405 patentibus
1201 1366 1288 1392 curn
1318 1354 1422 1392 mille
1450 1366 1531 1392 non
1553 1365 1638 1392 am-

233 1411 332 1462 plius
356 1411 553 1463 equitibus
576 1424 664 1450 sese
686 1411 871 1455 ostendit,
893 1411 959 1462 qui
980 1416 1128 1450 temere
1150 1416 1189 1448 et
1210 1410 1330 1449 effuse
1352 1416 1493 1449 euntes
1510 1409 1636 1449 Sullae

278 1536 308 1567 2.
336 1537 406 1577 agn.
424 1536 561 1567 Ιιιιπιαη.
579 1546 712 1568 rerum:
736 1546 776 1567 zu
795 1535 848 1576 38,
866 1536 897 1566 9.

279 1583 309 1613 3.
337 1579 469 1613 Jlaurt:
485 1581 550 1613 Das
568 1581 694 1613 diesem
712 1579 899 1612 Gesammt-

233 1625 317 1666 subj.
340 1626 576 1658 zukommende
590 1625 899 1667 allgemeinePrae—

232 1671 324 1703 dicat
341 1672 388 1703 ist
405 1682 464 1703 aus
487 1672 548 1703 den
574 1671 691 1703 beiden
722 1670 899 1712 folgenden

233 1717 422 1755 einzelnen,
444 1718 592 1759 projecti
620 1718 723 1756 (sunt)
754 1716 818 1748 und
848 1726 899 1748 re-

232 1761 344 1800 deunt,
362 1762 468 1793 leicht
486 1773 526 1794 zu
548 1762 753 1794 entnehmen.

276 1806 427 1839 Rusone:
460 1807 503 1839 So
522 1807 602 1839 oder
618 1806 710 1848 Rufo
741 1806 786 1838 ist
817 1810 901 1838 statt

232 1851 290 1883 des
318 1851 457 1893 Rusone
480 1852 539 1884 der
566 1850 824 1884 Handschristen
859 1862 899 1882 zu

231 1897 335 1929 lesen.
371 1897 432 1928 Die
452 1897 577 1929 Namen
595 1896 711 1937 Rufus
728 1896 790 1927 und
809 1894 898 1928 Ruso

231 1942 349 1974 kamen
367 1942 400 1973 in
421 1943 481 1974 der
493 1953 580 1985 gens
600 1942 735 1974 Octavia
753 1952 825 1972 vor.

277 1988 308 2019 4.
333 1986 506 2030 deprecati
528 1990 625 2019 sunt:
650 2002 671 2013 =
700 1986 901 2030 deprecandi

233 2042 337 2065 eausa
353 2032 481 2064 did-ere.

277 2079 306 2110 5.
341 2078 474 2110 Boccho
519 2082 581 2111 etc.
636 2076 707 2109 Auf
737 2077 838 2108 Arus.
867 2087 895 2118 p.

232 2121 297 2154 233
332 2123 369 2155 L.
403 2123 570 2164 gestiitzt,
611 2122 785 2154 schreiben
824 2122 899 2154 hier

231 2166 330 2200 Kritz
349 2169 412 2199 und
423 2167 549 2200 Linker
559 2168 722 2200 Bocchum
740 2168 897 2209 qnoniam

228 2215 380 2256 poenitet.
405 2213 524 2245 delicta
543 2215 679 2255 gratiae
704 2213 800 2254 facit,
829 2223 899 2243 wo-

231 2259 285 2290 bei
301 2259 386 2290 dann
401 2260 540 2301 gratiae
566 2259 618 2290 als
637 2256 718 2290 Gen.
745 2269 785 2289 zu
819 2257 898 2289 neh-

230 2313 303 2335 men
322 2304 378 2335 ist.

279 2343 374 2381 105.
410 2350 437 2381 l.
479 2350 669 2381 arbitratu:
704 2348 898 2380 bezeichnet

231 2393 285 2425 die
303 2394 706 2435 unbedingtevollmacht
723 2404 764 2425 zu
781 2398 896 2424 unter-

231 2439 374 2471 handeln
394 2440 459 2471 und
484 2440 567 2472 ohne
585 2450 690 2471 zuvor
708 2438 897 2479 eingeholte

233 2483 484 2525 Genehmigung
531 2486 588 2517 des
632 2484 760 2517 Marius
799 2483 898 2515 abzu-

232 2529 430 2561 schliessen.

277 2575 306 2605 2.
330 2574 504 2618 peditum:
532 2575 701 2607 Darunter
724 2574 800 2607 siud
816 2576 896 2606 riim.

971 1535 1130 1567 Soldaten
1154 1545 1194 1565 zu
1223 1534 1413 1575 ver-stehen,
1442 1533 1522 1566 aber
1550 1533 1636 1565 wohl

972 1591 1034 1611 nur
1052 1578 1382 1620 Leicfflbewaffnete,
1403 1579 1469 1611 wie
1487 1579 1540 1611 die
1558 1578 1634 1611 Fol-

971 1625 1116 1666 genden,
1155 1624 1283 1656 welche
1315 1623 1537 1656 vermuthlieh
1569 1623 1637 1655 alle

971 1670 1034 1703 den
1074 1671 1513 1712 Bundesgenossentruppen
1561 1673 1637 1700 ent-

972 1725 1121 1747 nommen
1138 1725 1262 1746 waren.

1016 1760 1140 1802 fundit.
1167 1760 1380 1792 Belem-ium:
1402 1759 1463 1792 Die
1479 1758 1636 1790 Einwoh-

972 1815 1031 1837 ner
1049 1806 1107 1837 der
1125 1805 1354 1837 balearischen
1384 1804 1494 1836 lnseln
1522 1814 1634 1836 waren

971 1850 1024 1882 als
1062 1850 1294 1882 vortreffliche
1326 1849 1547 1882 Schleuderer
1580 1848 1635 1881 be-

972 1895 1087 1927 kannt.

1016 1940 1216 1972 velz'taribus
1244 1941 1366 1972 arme'sz
1398 1940 1428 1972 d.
1453 1940 1475 1971 i.
1500 1939 1633 1971 solchen

969 1985 1117 2026 VVaffen‚
1146 1985 1212 2016 wie
1231 1985 1278 2016 sie
1297 1985 1350 2016 die
1369 1984 1487 2017 velites
1503 1989 1636 2025 trugen,

969 2031 1113 2063 niimlich
1122 2031 1263 2062 kleinem
1282 2030 1409 2062 runden
1419 2029 1533 2063 Sehild
1543 2029 1635 2073 (par-

971 2078 1039 2115 ma)
1057 2087 1121 2107 von
1138 2077 1156 2108 3
1169 2075 1509 2116 Fusst-chmesser,
1526 2075 1636 2107 leder-

972 2132 1043 2154 nem
1073 2121 1164 2152 Helm
1195 2120 1329 2162 (galea),
1359 2121 1493 2152 kurzem
1522 2119 1634 2162 spani-

971 2167 1071 2198 schen
1089 2165 1241 2198 Schwert
1259 2165 1364 2207 (glad.
1391 2166 1536 2208 hispan.)
1570 2165 1633 2196 und

971 2213 1064 2244 einer
1081 2211 1208 2243 Anzabl
1237 2211 1378 2243 leichter
1409 2208 1635 2252 Wurfspiet'se

971 2258 1100 2297 (hastae
1117 2255 1298 2295 velitares).

1016 2313 1117 2344 neque
1125 2305 1188 2333 etc.
1200 2301 1375 2342 wider-legt
1392 2301 1453 2332 den
1462 2299 1632 2339 Einwand,

970 2348 1048 2379 dass
1063 2347 1154 2379 diese
1172 2347 1297 2378 leichte
1317 2345 1526 2387 ssewaffnung
1543 2345 1634 2377 nicht

971 2403 1006 2425 so
1046 2397 1105 2433 gut
1143 2392 1208 2423 wie
1226 2392 1348 2423 andere
1389 2390 1520 2423 Waffen
1560 2400 1631 2422 zum

971 2437 1113 2469 Sebutze
1131 2437 1250 2468 dienen
1267 2437 1400 2468 konnte.

1015 2482 1046 2514 3.
1071 2481 1229 2523 denique:
1246 2482 1312 2522 vgl.
1335 2482 1408 2522 101,
1433 2483 1460 2514 1.
1486 2479 1541 2512 Bis
1559 2490 1630 2512 zum

970 2526 1098 2560 fiinsten
1117 2527 1206 2568 Tage
1235 2527 1380 2568 geschah
1408 2526 1486 2558 kein
1502 2525 1638 2566 Angriff

972 2573 1051 2605 oder
1083 2577 1177 2604 sonst
1210 2577 1314 2604 etwas
1345 2570 1635 2604 Aul'serordentli-
