1720 2875
528 150 584 182 DE
610 149 720 183 CONI.
746 149 885 182 CATIL.
933 148 968 182 C.
991 148 1137 183 60-61,
1480 150 1530 189 91

134 265 225 292 men
247 252 438 291 exercitus
460 252 592 303 populi
620 251 786 290 Romani
807 251 946 290 laetam
975 257 1041 291 aut
1067 251 1313 290 incruentam
1334 250 1535 290 victoriam

132 309 296 360 adeptus
315 313 416 347 erat:
437 320 526 347 nam
544 307 855 347 strenuissumus
868 308 1034 360 quisque
1055 312 1120 348 aut
1143 308 1337 346 occiderat
1356 307 1398 345 in
1419 319 1537 358 proe-

132 365 184 404 lio
220 370 286 404 aut
321 365 488 415 graviter
517 365 737 402 volneratus
777 363 1021 403 discesserat.

1092 363 1202 402 Multi
1233 369 1385 409 autem,
1418 363 1484 414 qui
1515 376 1535 401 e
1565 374 1583 405 S

133 422 273 461 castris
287 421 440 459 visundi
456 424 521 459 aut
538 419 730 470 spoliandi
746 420 867 469 gratia
883 425 1171 471 processerant,
1193 421 1390 459 volventes
1408 419 1538 458 hosti-

133 478 181 516 lia
203 478 386 517 cadavera
407 476 575 515 amicum
599 475 676 521 alii,
698 488 786 526 pars
808 477 1003 527 hospitem
1035 483 1101 516 aut
1133 481 1341 526 cognatum
1366 476 1539 527 reperie-

134 533 250 581 bant3
272 534 382 572 fuere
403 533 498 571 item
523 532 588 584 qui
610 532 790 571 inimicos
813 545 905 571 suos
928 538 1218 584 cognoscerent.
1270 533 1324 572 Ita
1347 533 1448 571 varie
1469 545 1539 583 per
1563 543 1582 574 9

134 602 295 629 omnem
331 588 542 627 exercitum
576 589 720 627 laetitia
750 601 906 628 maeror
939 591 1068 629 luctus
1099 595 1215 640 atque
1247 589 1386 640 gaudia
1417 589 1536 639 agita-

131 647 286 685 bantur.

135 735 231 768 Verr.
265 735 302 775 3,
336 735 388 774 23,
423 735 465 766 56
493 745 569 767 cum
601 736 664 766 iste
696 737 798 766 etiam

133 781 276 820 cubaret,
308 781 342 812 in
370 779 557 812 cubiculum
588 779 798 812 introductus

134 828 191 857 est.

179 871 208 902 8.
235 869 383 902 visundi:
415 870 464 910 12,
485 870 521 911 33
552 870 644 901 mehr
673 869 723 901 als
752 871 799 901 vi—

134 914 243 947 dendi.

179 960 209 992 9.
235 961 364 992 laetitia
385 984 391 991 .
410 984 417 991 .
439 959 609 1002 .gaudz'a:
638 960 700 992 Die
728 960 800 992 bei-

133 1006 196 1037 den
226 1003 469 1047 Gliederpaare
487 1006 709 1046 entsprechen
727 1005 799 1037 sich

133 1051 168 1082 in
186 1050 583 1091 chiastischerStellung3
600 1051 669 1091 vgl.
680 1061 721 1082 zu
738 1050 769 1091 6,
786 1052 801 1084 1

133 1097 199 1127 und
217 1098 270 1135 51,
296 1096 322 1127 1.
350 1114 392 1118 ——
420 1096 548 1127 laetitia
574 1096 642 1126 und
668 1105 805 1127 maeror

135 1141 210 1172 sind
227 1140 455 1181 Stimmungen
483 1141 546 1172 und
564 1141 744 1181 Zust'zinde,
769 1141 804 1172 in

135 1184 247 1218 sofern
265 1186 315 1217 sie
333 1186 406 1218 sich
432 1186 686 1218 unwillkiirlich
715 1185 804 1217 kund

134 1231 239 1270 geben
279 1231 350 1272 (das
389 1231 461 1263 rein
493 1230 681 1263 Inuerliche
711 1232 804 1262 w'zire

131 1276 299 1317 gaudium
340 1276 384 1308 im
430 1276 523 1317 Sing.
571 1276 638 1308 und
685 1275 802 1316 dolor),

871 735 1126 775 „Frb'hlichkeit
1157 736 1223 767 und
1257 734 1538 775 Niedergeschla-

871 781 1046 820 genheit“:
1066 781 1174 813 luctus
1191 780 1272 820 (lug.
1308 781 1356 820 14,
1392 782 1449 820 153
1480 779 1536 812 Or.

870 825 957 856 Phil.
991 826 1042 865 15)
1072 827 1136 857 und
1161 825 1290 867 gaudia
1318 825 1384 865 (bei
1412 826 1539 857 diesem

872 871 993 902 worte
1023 871 1083 902 der
1100 871 1194 902 Plur.
1218 881 1258 901 zu
1276 870 1450 910 heachten‚
1468 870 1537 902 Cic.

870 917 904 947 in
922 915 994 947 Cat.
1015 916 1041 947 1.
1065 916 1116 953 10,
1137 916 1178 947 26
1196 917 1248 947 hic
1264 918 1299 947 ta
1325 926 1388 956 qua
1411 916 1539 947 laetitia

869 960 1072 1004 pwfruere?
1099 961 1215 1002 quibus
1228 960 1369 1002 gaudiis
1387 960 1539 992 eoesulta-

876 1006 944 1037 bis?
978 1007 1043 1037 und
1076 1006 1150 1037 Liv.
1183 1006 1238 1043 22,
1277 1006 1294 1036 7
1319 1006 1540 1047 seminarum-

872 1053 1051 1092 praeoe'pue
1068 1054 1098 1082 et
1114 1050 1244 1092 gaudia
1267 1053 1417 1092 insignia
1440 1052 1540 1082 erant

875 1098 906 1127 et
934 1096 1053 1134 luctus)
1082 1097 1157 1128 sind
1187 1096 1239 1128 die
1270 1096 1540 1136 beabsichtigten

876 1140 1128 1181 Aeusserungen
1165 1141 1265 1183 jener
1299 1140 1540 1180 Stimmungeu‚

877 1186 930 1217 die
949 1187 1178 1227 Handlungen,
1205 1187 1241 1218 in
1259 1187 1363 1218 denen
1382 1186 1431 1218 sie
1449 1185 1539 1217 kund

877 1232 1023 1272 gegeben
1041 1232 1186 1270 werden,
1204 1230 1458 1273 „Trauerklage
1474 1230 1541 1262 und

877 1276 1134 1317 Aeufserungen
1153 1277 1212 1308 der
1228 1276 1392 1309 Freude“.
