1720 2875
443 121 498 154 DE
527 120 666 153 BELLo
692 120 893 154 manare.
941 120 976 152 c,
1002 121 1147 154 27—29.
1431 123 1509 161 125

99 225 304 277 sperabat;
331 225 372 263 in
394 225 481 276 quis
502 224 575 262 fuit
598 223 786 268 Scaurus,
811 223 920 261 cuius
943 222 991 261 de
1012 228 1152 261 natura
1176 228 1212 261 et
1232 222 1370 262 habitu
1390 236 1507 274 supra

102 282 417 321 memoravimus.
452 281 548 320 Nam
569 280 610 318 in
632 279 791 317 consule
813 285 947 318 nostro
970 280 1115 317 multae
1131 279 1335 330 bonaeque
1351 285 1455 319 artes
1472 286 1509 319 et

102 338 223 377 animi
244 344 281 378 et
303 337 476 389 corporis
498 340 628 380 erant,
658 347 754 386 quas
777 336 904 374 omnis
926 335 1085 374 avaritia
1113 336 1408 386 praepediebat:
1438 350 1511 387 pa—

102 395 203 433 tiens
225 394 413 440 laborum,
434 392 513 432 acri
533 392 710 442 ingenio,
734 392 828 431 satis
850 391 1082 442 providens,
1103 391 1194 430 belli
1215 393 1316 432 haud
1338 393 1509 443 ignarus.

101 452 362 490 firmissumus
384 455 519 488 contra
537 448 705 499 pericula
723 455 761 487 et
781 448 953 487 insidias.
987 448 1063 486 Sed
1084 448 1254 498 legiones
1274 462 1344 499 per
1364 450 1511 488 Italiam

103 508 269 558 Regium
291 512 407 557 atque
427 505 517 544 inde
536 505 718 549 Siciliam.
740 517 856 556 porro
876 518 922 543 ex
939 504 1069 543 Sicilia
1086 505 1127 543 in
1144 504 1314 544 Africam
1330 511 1510 545 transve-

103 570 197 603 ctae.
244 563 364 613 Igitur
384 561 615 612 Calpurnius
644 561 758 600 initio
782 562 923 612 paratis
954 561 1237 600 commeatibus
1267 562 1405 601 acriter
1425 563 1507 601 Nu-
1544 587 1549 599 .

103 620 260 658 midiam
281 620 478 669 ingressus
509 624 568 656 est
597 618 821 668 multosque
850 618 1025 656 mortalis
1056 624 1094 656 et
1124 617 1229 656 urhis
1258 619 1408 670 aliquot
1436 633 1508 671 pu·

1537 289 1554 319 5

1536 457 1556 487 ὃ

99 676 256 726 gnando
286 674 397 725 cepit.
444 674 521 712 Sed
550 674 615 713 uhi
644 674 828 724 Iugurtha
854 687 924 725 per
951 676 1097 724 legatos
1124 675 1290 725 pecunia
1316 681 1509 727 temptare
1529 682 1581 718 29

100 732 281 783 bellique,
304 731 406 783 quod
428 730 735 776 administrabat,
757 732 1006 781 asperitatem
1029 731 1238 770 ostendere
1260 732 1400 783 coepit,
1423 733 1509 772 ani-

100 801 188 827 mus
209 800 325 838 aeger
345 787 501 826 avaritia
522 787 631 826 facile
652 799 865 827 convorsus
888 793 958 826 est.
1006 788 1188 827 Ceterum
1216 788 1346 827 socius
1375 794 1413 827 et
1440 790 1510 828 ad-

101 845 278 884 minister
301 844 479 883 omnium
500 844 753 883 consiliorum
775 844 994 883 adsumitur
1016 844 1204 890 Scaurus3
1227 845 1294 895 qui
1316 846 1470 884 tametsi
1489 860 1510 885 a

100 901 304 952 principio.
326 901 522 951 plerisque
544 914 590 939 ex
611 901 781 939 factione
803 901 887 939 eius
910 901 1124 951 corruptis,
1155 913 1357 940 acerrume
1378 914 1510 951 regem

98 958 399 1009 inpugnaverat.
430 962 563 996 tamen
585 957 853 1008 magnitudine
874 958 1060 1008 pecuniae
1081 970 1101 995 a
1130 956 1235 995 bono
1263 958 1509 1009 honestoque

99 1013 142 1053 in
158 1026 321 1065 pravum
336 1014 552 1053 abstractus
571 1020 641 1052 est.
674 1013 752 1052 Sed
768 1014 953 1064 Iugurtha
970 1013 1098 1064 primo
1115 1018 1269 1052 tantum
1288 1014 1403 1053 modo
1420 1015 1509 1054 belli
1536 1027 1542 1051 :

99 1082 252 1109 moram
273 1071 504 1115 redimebat,
526 1070 766 1109 existumans
784 1083 868 1109 sese
884 1070 1026 1121 aliquid
1044 1070 1203 1109 interim
1220 1070 1367 1109 Romae
1383 1071 1509 1122 pretio

99 1132 167 1165 aut
186 1127 307 1177 gratia
324 1127 572 1173 effecturum3
594 1133 730 1177 postea
746 1139 835 1166 vero
853 1139 971 1177 quam
990 1126 1218 1177 participem
1239 1127 1371 1177 negoti
1388 1128 1511 1167 Scau-

98 1195 189 1221 rum
211 1183 380 1234 aceepit.
409 1183 449 1221 in
471 1195 696 1222 maxumam
719 1195 828 1234 spem
851 1183 1042 1222 adductus
1070 1184 1363 1233 recuperandae
1390 1185 1508 1235 pacis.

96 1240 236 1278 statuit
257 1252 344 1278 cum
369 1239 423 1278 eis
441 1240 486 1278 de
504 1240 687 1278 omnibus
703 1239 949 1290 pactionibus
967 1251 1151 1290 praesens
1168 1251 1295 1290 agere.
1327 1240 1510 1280 Ceterum

97 1296 246 1336 interea
267 1296 356 1334 fidei
377 1308 491 1334 causa
513 1296 682 1334 mittitur
705 1309 725 1333 a
748 1297 906 1335 consule
929 1296 1086 1335 Sextius
1116 1302 1300 1347 quaestor
1328 1297 1368 1336 in
1396 1297 1510 1348 oppi-

96 1352 190 1390 dum
212 1352 421 1402 Iugurthae
442 1352 605 1402 Vagam3
627 1352 737 1390 cuius
757 1353 815 1390 rei
837 1353 986 1403 species
1009 1359 1091 1391 erat
1111 1352 1283 1402 acceptio
1306 1353 1508 1394 frumenti.

97 1408 203 1459 quod
227 1408 458 1459 Calpurnius
479 1409 607 1459 palam
628 1408 760 1459 legatis
782 1408 1058 1460 imperaverat,
1092 1409 1279 1460 quoniam
1302 1409 1509 1449 deditionis

98 1476 206 1503 mora
226 1465 398 1503 indutiae
419 1464 683 1515 agitabantur.
714 1465 835 1515 Igitur
855 1477 936 1512 rex,
960 1465 1017 1504 uti
1033 1466 1306 1514 constituerat,
1327 1467 1368 1505 in
1386 1472 1507 1506 castra

142 1568 275 1599 habitu:
300 1567 496 1599 hezeichnet
513 1568 572 1599 das
585 1573 765 1608 gesammte

97 1613 285 1645 Verhalteu
312 1613 369 1645 des
394 1613 590 1654 Menschen,
614 1617 765 1644 nament-

840 1569 924 1601 ohne
942 1569 1024 1601 doch
1042 1569 1095 1601 die
1105 1568 1204 1600 Form
1221 1569 1280 1600 der
1289 1569 1509 1611 Verbindung

838 1624 880 1645 zu
897 1614 1035 1646 andern.

96 1658 168 1690 lich
181 1660 265 1689 auch
282 1659 340 1690 das
357 1657 501 1694 iiul'sere,
531 1659 565 1690 in
584 1668 619 1689 so
639 1657 712 1689 seru
730 1668 764 1689 es

97 1703 191 1735 nicht
209 1703 397 1734 natiirliche
416 1701 518 1743 Gabe,
544 1704 689 1735 sondern
707 1713 765 1734 an-

95 1748 252 1788 geeignet
269 1748 333 1788 ἱεῖς
364 1747 431 1779 Cic.
453 1749 492 1780 de
512 1749 580 1780 inv.
603 1751 630 1788 1,
650 1748 702 1786 24,
722 1748 762 1779 35

94 1803 181 1834 qaae
196 1793 368 1826 industria
386 1796 629 1836 comparantur
645 1793 691 1825 ad
703 1794 760 1824 lta—

95 1839 203 1870 bitum
230 1841 413 1881 pertinent.
454 1840 536 1871 Hier
569 1840 639 1871 also
673 1838 762 1870 wohl

95 1884 279 1916 tesonders
308 1884 368 1917 auf
393 1885 445 1916 die
465 1884 586 1916 Worte
616 1884 677 1915 der
694 1884 763 1915 obi-

94 1938 159 1968 gen
186 1929 407 1971 Schilderung
439 1931 506 1970 (15,
534 1931 566 1970 4)
599 1931 678 1961 vitia
701 1940 764 1961 sua

94 1973 213 2005 callide
260 1975 428 2007 occultans
465 1975 679 2006 hindeutend.
721 1993 763 1998 -—

94 2018 161 2050 Das
190 2018 293 2051 tVort
315 2020 450 2052 habitus
478 2019 580 2051 findet
608 2020 681 2051 sich
710 2020 765 2051 hei

92 2063 179 2096 Sall.
198 2075 262 2096 nur
277 2065 353 2097 hier
376 2066 444 2098 und
462 2065 593 2105 Fragm.
625 2064 690 2097 inc.
721 2065 765 2096 46

95 2107 157 2140 Hr.
174 2109 219 2141 44
235 2109 266 2141 k.
285 2111 325 2141 A.

141 2155 172 2185 5.
198 2165 279 2186 nam
296 2159 358 2188 etc.
398 2156 465 2187 Der
482 2155 561 2186 Siun
593 2156 655 2186 ist:
686 2165 766 2187 nam

92 2208 178 2239 qaae
194 2201 298 2232 bonae
315 2205 407 2233 artes
435 2204 530 2233 erant
559 2202 593 2232 in
623 2200 765 2239 consule,

92 2253 150 2274 eas
189 2247 297 2279 omnc's
327 2248 472 2279 avaritia
522 2245 764 2289 praepediebat.

95 2288 186 2320 Aber
216 2290 298 2322 Sall.
328 2291 401 2324 will
427 2291 682 2334 haupts'achlich
711 2291 766 2322 die

94 2337 195 2374 guten
213 2334 473 2374 Eigensehaften
499 2338 559 2369 des
577 2337 692 2368 Bestia
710 2346 764 2368 er·-

94 2379 247 2421 wiihnen,
264 2391 315 2412 um
333 2383 434 2414 daran
452 2382 506 2414 die
524 2380 663 2422 anfangs
682 2381 759 2413 ehr-

95 2422 185 2455 liche
197 2423 468 2468 Kriegsl'iihrung
481 2427 656 2459 desselben
676 2427 708 2469 (ξ
727 2427 757 2464 7)

95 2479 136 2498 zu
168 2469 329 2511 kuiipfeu‚
359 2473 424 2503 und
457 2477 544 2505 setzt
571 2473 673 2504 daher
700 2473 761 2504 deu

94 2513 502 2556 Yerbindungsgedauken
509 2519 656 2549 avaritia
663 2528 763 2560 prae-

91 2559 161 2601 ped.
192 2561 263 2592 bon.
292 2563 380 2593 artis
413 2563 445 2593 in
479 2564 540 2595 den
562 2562 764 2603 Nebensatz,

884 1662 914 1692 6.
938 1659 1110 1692 Siciliam:
1141 1659 1204 1691 wie
1229 1658 1284 1690 ein
1313 1660 1507 1692 Stadtname

837 1705 1031 1746 behandest,
1061 1714 1176 1745 wegen
1202 1704 1258 1735 des
1289 1706 1395 1736 naheu
1421 1705 1506 1738 Vor-

836 1751 1022 1790 hergehens
1053 1760 1114 1781 von
1141 1748 1303 1790 Regiam.-
1334 1760 1371 1781 so
1402 1750 1456 1790 33,
1486 1752 1506 1783 4

836 1794 1079 1837 Numidiaeque
1097 1794 1189 1826 dicht
1202 1796 1283 1826 nach
1301 1793 1438 1827 Romae.

882 1834 949 1872 29.
980 1842 1007 1872 1.
1033 1838 1090 1871 sed
1106 1840 1163 1871 ubi
1178 1845 1240 1872 etc.
1289 1840 1356 1872 Der
1374 1839 1506 1873 Gedan-

835 1886 876 1917 ke
894 1886 951 1918 des
968 1885 1150 1917 Erzi‘ihlers
1168 1885 1328 1917 verweilt
1344 1884 1506 1918 fortwah-

838 1932 918 1963 rend
932 1931 985 1962 bei
1005 1929 1223 1972 Calpurnius3
1253 1931 1357 1963 daher
1372 1931 1416 1963 ist
1433 1932 1505 1964 die—

838 1987 894 2008 ser
924 1977 1039 2008 weder
1071 1976 1122 2007 als
1162 1975 1282 2016 object
1315 1976 1370 2007 hei
1402 1979 1503 2019 temp-

836 2025 919 2061 tare,
939 2022 1023 2053 noch
1041 2021 1091 2053 als
1120 2021 1258 2062 Subject
1287 2021 1340 2053 bei
1357 2020 1503 2053 admini-

837 2068 966 2099 strabat
983 2066 1167 2098 besonders
1184 2066 1394 2107 augedeutet.

882 2113 1047 2144 avaritia:
1065 2112 1185 2152 gehiirt
1202 2123 1242 2142 zu
1258 2122 1372 2153 aeger.

884 2158 913 2189 3.
938 2156 1144 2189 redimebat:
1169 2158 1309 2197 „suchte
1327 2167 1368 2187 zu
1384 2157 1505 2188 erkan-

837 2201 937 2242 fen“;
956 2201 1024 2242 vgl.
1043 2202 1098 2242 27,
1117 2203 1132 2234 1
1153 2201 1326 2234 leniebant.

884 2248 913 2279 4.
949 2247 1031 2289 fidei
1055 2256 1177 2278 causa:
1212 2258 1303 2288 „zur
1331 2246 1506 2288 Beglaubi-

838 2293 967 2334 gung“;
987 2293 1042 2332 85,
1062 2292 1116 2324 29.

886 2338 1046 2380 Vagam.-
1088 2337 1142 2368 die
1174 2336 1271 2369 stadt
1301 2336 1388 2369 hiel's
1420 2338 1504 2370 auch

839 2383 953 2416 lf'acca
985 2383 1071 2422 (und
1095 2392 1131 2413 so
1171 2382 1206 2413 iu
1243 2382 1356 2414 vielen
1394 2383 1504 2414 Hand-

836 2429 924 2460 schr.
954 2428 1011 2460 des
1037 2427 1154 2467 Sall.);
1177 2427 1267 2469 jetzt
1295 2428 1442 2459 Bedscha
1470 2428 1501 2459 in

836 2472 952 2505 Tunis.

881 2528 997 2550 ‘moras
1015 2528 1104 2550 caus.
1133 2517 1281 2550 Ablativ.
1315 2517 1392 2550 Man
1410 2519 1502 2549 hatte

838 2563 1168 2605 Wafflustillstand,
1201 2563 1280 2595 weil
1315 2563 1370 2595 die
1400 2563 1501 2595 sehon

1536 801 1554 831 2

1535 1249 1555 1279 4
