1720 2875
100 239 148 274 47

178 134 231 173 64
664 130 698 163 C.
724 130 933 165 SALLUSTI
961 130 1094 164 CRISPI

267 234 488 274 Volturcius
509 233 772 285 interrogatus
794 234 841 273 de
863 234 1020 277 itinere,
1043 233 1090 273 de
1105 233 1257 280 litteris,
1278 241 1476 286 postremo
1495 236 1588 288 quid

177 297 244 331 aut
264 304 340 342 qua
362 292 409 329 de
426 302 539 330 causa
557 290 692 330 consili
707 289 917 336 habuisset,
938 290 1065 342 primo
1082 290 1229 341 lingere
1245 291 1328 338 alia,
1346 291 1587 332 dissimulare

177 349 224 387 de
245 346 534 391 coniuratione3
569 353 671 398 post,
705 346 772 394 ubi
793 347 873 395 fide,
888 347 1041 398 publica
1063 347 1189 386 dicere
1212 347 1340 386 iussus
1362 353 1431 393 est,
1455 349 1587 389 omnia

176 405 230 444 uti
252 410 358 453 gesta
379 408 490 441 erant
517 403 642 454 aperit
663 404 851 455 docetque
886 416 927 442 se
948 403 1080 454 paucis
1108 410 1198 442 ante
1219 403 1358 442 diebus
1378 416 1398 443 a
1425 404 1587 446 Gabinio

176 468 214 499 ct
235 460 421 510 Caepario
443 460 590 498 socium
610 459 798 506 adscitum
832 459 927 499 nihil
954 459 1121 511 amplius
1148 460 1246 499 scire
1275 472 1393 511 quam
1418 460 1586 511 legatos:

171 522 327 556 tantum
363 515 482 556 modo
517 517 650 555 audire
685 517 841 556 solitum
873 529 920 554 ex
955 516 1131 561 Gabinio,
1168 516 1210 555 P.
1242 516 1479 555 Autronium
1501 517 1585 557 Ser.

172 573 319 612 Sullam
339 572 381 611 L.
406 572 683 623 Vargunteium
702 574 844 611 multos
864 578 1063 623 praeterea
1081 573 1121 612 in
1142 586 1184 612 ea
1202 573 1472 612 coniuratione
1489 587 1585 616 esse.

130 632 147 662 2
174 629 319 668 Eadem
333 629 428 669 Galli
444 632 620 669 fatentur
635 642 678 668 ac
693 629 903 668 Lentulum
914 629 1222 668 dissimulantem
1242 635 1459 681 coarguunt
1474 643 1587 682 prae-

174 693 234 725 ter
253 686 400 726 litteras
421 686 681 732 sermonibus,
703 698 802 737 quos
822 685 883 725 ille
899 685 1042 724 habere
1060 686 1196 725 solitus
1208 695 1311 726 erat:
1334 700 1380 725 ex
1401 686 1507 727 libris
1525 687 1590 726 Si-

172 742 326 794 byllinis
346 754 512 793 regnum
534 743 682 781 Romae
702 742 826 781 tribus
848 742 1035 781 Corneliis
1055 743 1259 793 portendi;
1285 743 1449 782 Cinnam
1472 750 1587 795 atque

174 799 320 839 Sullam
340 806 465 844 antea,
486 812 528 838 se
549 799 710 838 tertium
733 812 828 843 esse,
846 799 905 838 cui
928 798 1051 837 satum
1068 799 1169 837 foret
1190 798 1296 838 urhis
1319 800 1451 850 potiri3
1473 813 1587 852 prae—

173 863 278 895 terea
300 856 346 894 ab
367 856 528 896 incenso
551 855 736 906 Capitolio
754 855 863 894 illum
886 868 969 894 esse
992 855 1235 906 vigesumum
1272 867 1434 899 annum,
1468 869 1586 908 quem

170 926 284 964 saepe
304 925 351 952 ex
371 912 555 964 prodigiis
576 912 800 963 haruspices
821 912 1115 963 respondissent
1136 912 1236 951 bello
1258 912 1356 951 civili
1379 919 1586 952 cruentum

124 982 130 1009 :
169 972 267 1009 sore.
308 970 429 1020 Igitur
451 969 629 1020 perlectis
646 969 796 1012 litteris.
820 981 909 1007 cum
932 968 1038 1019 prius
1060 981 1198 1008 omnes
1219 968 1327 1019 signa
1353 982 1421 1008 sua
1443 981 1588 1020 cogno·

169 1026 327 1071 vissent‚
348 1033 504 1065 senatus
527 1025 715 1069 decernit,
736 1025 790 1064 uti
811 1025 986 1064 abdicato
1012 1025 1235 1074 magistratu
1259 1025 1449 1066 Lentulus
1470 1026 1588 1065 item-

170 1095 247 1134 que
269 1083 387 1122 ceteri
408 1083 448 1122 in
469 1082 598 1121 liberis
620 1082 804 1121 custodiis
825 1081 1055 1120 habeantur.
1087 1080 1586 1133 ltaqueLentulusP.Len·

169 1140 251 1178 tulo
274 1139 486 1190 Spintheri,
508 1139 575 1190 qui
595 1144 680 1177 tum
703 1138 837 1176 aedilis
858 1145 952 1184 erat,
975 1138 1165 1187 Cethegus
1187 1139 1231 1185 Q.
1255 1138 1476 1184 Cornificio,
1499 1139 1589 1178 Sta-

171 1196 275 1235 tilius
297 1198 336 1235 C.
360 1196 524 1242 Caesari,
547 1195 734 1234 Gabinius
756 1195 804 1232 M.
829 1194 978 1241 Crasse,
1003 1194 1209 1245 Caeparius
1230 1218 1284 1222 ——
1306 1206 1396 1234 nam
1419 1195 1452 1234 is
1472 1195 1586 1246 paulo

171 1276 226 1307 die
244 1275 434 1308 Gesandten
459 1279 531 1306 erst
555 1275 638 1306 nach
661 1275 733 1305 dem
752 1273 839 1305 Ver-

169 1322 232 1354 hiir
249 1321 307 1352 des
324 1320 417 1352 Volt.
437 1318 636 1360 eingefiihrt.

216 1360 281 1398 47.
321 1367 347 1397 1.
373 1365 453 1407 quid
467 1368 529 1396 aut
546 1375 610 1406 qzm
630 1369 710 1397 etc.:
729 1379 744 1390 =
761 1364 842 1406 quid

169 1410 358 1444 consiliant
380 1421 445 1452 qua
473 1410 513 1442 de
539 1420 641 1442 caasa
672 1409 707 1441 id
734 1410 839 1441 halm-

172 1458 263 1488 isset.

212 1501 284 1544 fide
299 1501 451 1545 publica:
476 1504 575 1532 unter
603 1501 676 1532 dem
695 1499 838 1532 Schutze

172 1548 230 1579 des
271 1557 335 1578 von
361 1546 475 1578 staats
507 1555 622 1586 wegen
647 1545 838 1586 gegebeuen

173 1593 331 1632 Wortcs3
356 1592 431 1623 hier
457 1591 491 1622 iu
517 1590 642 1622 Betreff
655 1590 714 1622 der
731 1589 841 1622 Straf—

170 1637 344 1679 losigkeit.
364 1637 504 1669 Solchen
524 1637 648 1668 Schutz
665 1635 841 1667 zusichern

171 1682 274 1716 heil'st
286 1681 444 1724 ficlpubl.
464 1681 548 1714 dare
563 1681 617 1722 48,
637 1682 673 1720 43
693 1681 772 1712 oder
792 1682 842 1712 iu-

170 1732 342 1771 ter-ponere
365 1727 432 1768 lug.
465 1726 516 1768 32,
539 1728 567 1766 1,
587 1728 623 1761 5;
653 1727 737 1758 doch
767 1724 847 1758 dar-f

172 1785 244 1806 man
264 1774 378 1804 weder
394 1773 470 1804 hier
490 1772 573 1803 noch
590 1771 656 1812 lug.
677 1772 730 1811 35,
749 1771 767 1802 7
788 1772 842 1803 ein

172 1819 303 1852 solt-hes
321 1818 421 1851 Verb.
445 1817 628 1859 suppliren.

217 1866 330 1896 omnia
350 1869 413 1896 etc.
456 1862 541 1895 Was
559 1873 596 1894 er
621 1866 726 1903 sagte,
753 1862 843 1894 siehe

173 1910 226 1950 48,
245 1912 276 1942 4.

216 1955 364 1997 leg-atos.-
419 1952 751 1994 Subjectsaccusativ
802 1963 843 1984 zu

172 2002 267 2042 scire,
297 1999 439 2042 parallel
468 1999 529 2029 mit
545 2009 588 2029 se.
641 1997 738 2029 Diese
757 1997 842 2029 Ver-

174 2047 327 2085 wcisung
344 2043 404 2076 auf
418 2045 489 2084 das,
519 2053 589 2075 was
619 2043 671 2074 die
701 2043 784 2074 noch
802 2054 842 2074 zu

173 2090 352 2131 fragenden
372 2089 560 2122 Gesandten
587 2093 675 2120 etwa
693 2088 841 2120 wiissten

173 2137 238 2168 und
257 2146 358 2177 sagen
371 2135 517 2174 νῶι-(1611,
538 2135 584 2165 ist
601 2133 758 2174 derLage
777 2133 841 2164 und

173 2182 359 2222 Stimmung
376 2181 432 2212 des
450 2180 531 2212 Volt
556 2179 724 2210 dui-chaus
742 2188 841 2218 ange-

174 2237 313 2259 messen.
373 2226 433 2258 Die
463 2223 587 2257 Worte
616 2225 737 2265 paucis
766 2227 843 2256 ante

174 2273 288 2305 diebus
320 2277 383 2305 etc.
407 2270 580 2303 euthalten
614 2270 675 2302 den
711 2267 839 2310 Grund,

173 2328 299 2350 warum
318 2328 355 2349 er
373 2317 464 2348 nicht
477 2317 570 2348 mehr
592 2315 717 2347 wissen
733 2315 841 2346 kb'nne

175 2364 226 2395 als
240 2363 328 2402 jene.

219 2408 250 2439 2.
279 2408 437 2440 Cinnam:
466 2407 541 2438 vier
558 2406 659 2438 Jahre
678 2405 840 2437 naehein-

174 2454 287 2489 ander,
306 2464 368 2484 von
388 2454 451 2485 667
471 2452 540 2492 (157)
558 2462 610 2483 an.
630 2450 770 2489 Consu13
796 2450 841 2482 im

173 2499 296 2531 letzten
315 2498 395 2529 Jahr
405 2508 467 2529 von
484 2499 597 2529 seiuen
610 2496 767 2528 Soldateu
786 2506 841 2527 er·-

174 2544 315 2577 mordet.
350 2544 443 2575 Zwei
469 2543 570 2574 Jahre
587 2540 709 2574 darauf
723 2541 840 2573 wurde

174 2589 269 2622 Sulla
285 2588 429 2621 dictator
442 2591 636 2632 perpetuus,

958 1275 1022 1306 ine.
1043 1273 1225 1316 Capitolio:
1253 1284 1305 1306 am
1335 1274 1365 1306 6.
1386 1274 1501 1317 Quint.
1519 1275 1581 1307 671

957 1364 986 1396 3.
1013 1375 1087 1396 cum
1101 1367 1199 1406 prius
1215 1368 1280 1396 etc.
1306 1364 1375 1397 Cic.
1401 1366 1495 1398 hatte
1521 1376 1582 1398 aus

911 1415 1020 1450 gutem
1041 1409 1176 1441 Grunde
1200 1409 1253 1441 die
1270 1409 1379 1442 Briesc
1397 1409 1581 1450 (tabellas)

914 1455 1101 1487 unero‘ffuet
1118 1455 1281 1495 gelassen.
1330 1454 1411 1487 Erst
1435 1456 1479 1487 im
1501 1456 1586 1488 Ver-

916 1501 979 1531 hor
997 1500 1134 1532 wurden
1157 1500 1219 1538 sie⁷
1242 1500 1399 1532 nachdem
1411 1501 1510 1542 jeder
1527 1501 1585 1533 das

917 1544 1030 1586 Siegel
1063 1546 1114 1577 als
1145 1546 1204 1578 das
1234 1545 1364 1586 seinige
1400 1545 1586 1578 anm-kannt

916 1591 1021 1627 hatte,
1047 1591 1149 1622 durch
1176 1590 1421 1623 Zerschneiden
1448 1591 1505 1623 des
1529 1591 1586 1623 da-

917 1646 988 1668 rum
1007 1636 1223 1676 gebundenen
1241 1633 1370 1668 Fadens
1387 1635 1517 1676 (linum
1534 1638 1586 1668 in-

916 1680 1046 1721 cidere)
1064 1681 1216 1723 geziffnet.

961 1737 1111 1770 abdicato
1137 1739 1360 1779 magistratu:
1396 1748 1456 1770 zur
1479 1736 1584 1770 Sache

915 1783 980 1814 und
999 1793 1112 1824 wegen
1130 1783 1191 1815 der
1207 1783 1332 1815 andern
1363 1782 1495 1815 Constr.
1515 1783 1585 1816 Cic.

916 1828 947 1859 in
966 1827 1038 1860 Cat.
1058 1831 1088 1867 3,
1107 1830 1138 1865 6,
1161 1829 1198 1860 15
1221 1827 1384 1860 Lentulus
1409 1853 1415 1860 .
1442 1853 1449 1859 .
1473 1830 1585 1870 ‘magi-

914 1876 1024 1905 stratu
1042 1885 1076 1905 se
1090 1873 1267 1912 abdicavit,
1292 1876 1339 1913 ut,
1363 1883 1447 1915 quae
1462 1873 1582 1915 religio

917 1917 951 1950 C.
971 1918 1084 1951 Mario
1102 1943 1109 1950 .
1129 1943 1136 1950 .
1160 1945 1165 1949 .
1185 1920 1403 1960 nonsuerass
1426 1929 1492 1960 quo
1519 1920 1585 1950 mi-

915 1973 978 1995 uus
998 1964 1030 1996 C.
1054 1963 1246 2002 Glauciam,
1270 1964 1310 1995 de
1332 1973 1395 2004 quo
1416 1964 1503 1996 nihil
1522 1975 1586 1996 no-

914 2011 1071 2041 minatim.
1097 2012 1171 2042 erat
1188 2009 1370 2050 decretum,
1390 2012 1587 2051 praetorem

917 2054 1088 2094 occideret,
1105 2065 1145 2086 ea
1162 2065 1225 2086 uos
1254 2054 1419 2096 religione
1446 2056 1481 2086 in
1507 2056 1583 2096 pri-

915 2103 989 2131 vato
1012 2100 1051 2131 P.
1068 2100 1211 2132 Lentulo
1237 2098 1409 2141 puniendo
1423 2099 1582 2132 liberame-

914 2156 1004 2177 mur.

960 2204 996 2233 in
1012 2202 1067 2234 lib.
1085 2202 1266 2234 custodiis.-
1282 2201 1320 2233 ἐν
1337 2201 1482 2246 φυλακῇ
1499 2196 1581 2233 (ἰδέ-

914 2256 937 2279 σ
967 2258 1004 2279 ω.

936 2259 990 2336 1¹¹4·-
1016 2303 1054 2335 P.
1091 2303 1242 2336 Cornelio
1272 2302 1363 2335 Leni.
1394 2302 1581 2345 Spintheri:

916 2349 962 2380 Er
979 2348 1102 2401 (νὴ-1116
1119 2348 1301 2401 δῄων-(118
1310 2350 1407 2381 Cous.
1427 2348 1492 2380 697
1512 2348 1580 2400 557)

915 2393 1015 2435 eifrig
1033 2392 1088 2426 fiir
1105 2394 1158 2426 die
1168 2392 1469 2434 Zuruckberufung
1485 2393 1581 2425 Clee-

915 2450 970 2472 ros
987 2450 1048 2472 aus
1066 2440 1138 2471 dem
1155 2440 1244 2471 Exit.

963 2495 1144 2538 Cornificio
1155 2509 1165 2527 :
1193 2495 1240 2528 Er
1266 2506 1338 2528 war
1373 2495 1428 2528 ein
1455 2493 1580 2528 Mitbe-

913 2541 1045 2573 werber
1071 2540 1209 2574 Ciceros
1243 2552 1296 2574 um
1328 2541 1387 2574 das
1420 2539 1581 2573 Consulat

912 2597 1080 2629 gewesen.
