1720 2875
558 153 612 186 DE
638 153 750 186 coru.
776 152 913 186 cArin.
962 153 996 185 c.
1023 153 1075 184 52.
1465 152 1517 191 79

112 257 228 301 rium,
250 255 403 295 animus
426 256 466 295 in
487 256 731 295 consulundo
753 255 869 301 liber,
897 267 1024 305 neque
1045 254 1184 293 delicto
1206 266 1333 305 neque
1354 253 1518 293 lubidini

113 312 316 351 obnoxius.
363 313 438 352 Pro
459 312 519 351 his
541 324 614 351 nos
637 312 824 350 habemus
847 311 1038 349 luxuriam
1059 316 1175 362 atque
1196 310 1414 356 avaritiam,
1445 323 1520 362 pu-

112 368 210 408 blice
227 373 454 419 egestatem,
464 369 641 420 privatim
658 367 897 418 opulentiam
908 380 917 410 ς
929 367 1132 406 laudamus
1145 367 1308 413 divitias,
1319 367 1521 419 sequimur

113 425 316 472 inertiam3
342 425 446 464 inter
466 424 594 463 bonos
615 430 653 462 et
674 425 799 462 malos
822 423 1031 462 discrimen
1054 424 1222 472 nullum,
1247 424 1376 462 onmia
1397 425 1521 464 virtu-

113 481 164 520 tis
186 481 356 533 praemia
379 481 537 519 ambitio
559 480 744 531 possidet.
791 480 925 530 Neque
947 479 1113 518 mirum:
1136 480 1202 518 ubi
1224 493 1291 519 vos
1312 481 1519 531 separatim

115 538 186 576 sibi
207 538 373 588 quisque
396 537 598 576 consilium
621 536 770 587 capitis,
793 536 860 575 ubi
883 535 989 574 domi
1010 535 1271 586 voluptatibus
1285 568 1293 583 ‚
1315 537 1378 576 hic
1400 550 1519 588 pecu-

114 594 200 632 niae
213 600 279 632 aut
295 594 436 644 gratiae
455 593 620 636 servitis,
644 606 689 631 eo
708 594 762 639 fit,
785 598 827 631 ut
843 593 1013 643 impetus
1031 592 1096 630 fiat
1112 593 1153 630 in
1170 605 1326 631 vacuam
1344 605 1426 632 rem
1446 607 1520 645 pu-

114 650 264 689 blicam.
303 650 381 688 Sed
404 661 474 700 ego
496 650 590 688 haec
607 649 756 688 omitto.
796 649 1054 688 Coniuravere
1072 648 1317 688 nobilissumi
1335 650 1434 688 cives
1452 663 1520 701 pa-

112 706 224 745 triam
240 706 447 744 incendere
459 719 468 753 3
481 706 678 744 Gallorum
693 710 847 755 gentem
862 705 1168 744 infestissumam
1183 706 1520 745 nominiRomano

113 762 159 801 ad
180 763 324 802 bellum
346 767 569 806 arcessunt;
591 763 668 801 dux
688 762 858 800 hostium
879 775 965 800 cum
985 762 1154 801 exercitu
1173 774 1289 813 supra
1308 768 1424 814 caput
1441 768 1518 802 est:

113 831 181 857 vos
202 819 440 857 cunctamini
461 819 579 858 etiam
602 830 709 858 nunc
731 824 770 857 et
791 818 994 863 dubitatis,
1027 818 1119 869 quid
1142 819 1241 857 intra
1270 820 1425 858 moenia
1454 819 1522 858 de·
1548 830 1585 840 ‘-

113 875 266 926 prensis
288 875 467 915 hostibus
488 873 663 914 faciatis‘?
694 874 954 913 Misereamini
984 887 1124 913 censeo
1147 898 1199 901 ——
1222 875 1420 927 deliquere
1447 877 1520 914 ho-

114 931 238 970 mines
260 932 543 970 adulescentuli
565 944 635 982 per
655 931 903 970 ambitionem
925 956 979 960 ——
1001 938 1114 982 atque
1137 931 1253 970 etiam
1277 937 1444 970 armatos
1461 932 1520 970 di-

114 987 288 1026 mittatis.
335 988 391 1027 Ne
413 988 484 1027 ista
506 988 616 1027 vobis
639 988 900 1027 mansuetudo
923 992 961 1026 et
983 988 1261 1034 misericordia,
1287 988 1319 1026 si
1340 988 1393 1026 illi
1414 1001 1521 1027 arma

113 1045 299 1095 ceperint,
323 1045 363 1083 in
384 1045 581 1084 miseriam
600 1049 815 1084 convortat.
855 1044 1009 1082 Scilicet
1026 1057 1088 1083 res
1106 1044 1188 1095 ipsa
1206 1057 1340 1095 aspera
1359 1050 1429 1090 est,
1452 1045 1522 1083 sed

112 1113 182 1139 vos
203 1113 283 1139 non
303 1101 447 1140 timetis
470 1113 566 1140 eam.
603 1101 728 1139 lmmo
752 1114 841 1139 vero
864 1113 1062 1139 maxume:
1087 1101 1156 1139 sed
1177 1101 1315 1140 inertia
1338 1107 1376 1140 et
1393 1101 1521 1140 molli-

112 1156 167 1196 tia
188 1158 308 1196 animi
329 1158 426 1196 alius
448 1159 564 1197 alium
590 1162 857 1208 exspectantes
880 1157 1137 1196 cunctamini:
1167 1157 1345 1196 videlicet
1367 1158 1426 1196 dis
1459 1158 1522 1196 in-

114 1213 343 1253 mortalibus
366 1214 514 1261 confisi,
537 1214 603 1265 qui
625 1214 724 1252 hanc
740 1226 822 1252 rem
839 1213 1031 1265 publicam
1052 1226 1167 1265 saepe
1184 1213 1224 1251 in
1243 1214 1433 1253 maxumis
1451 1227 1522 1265 pe-

113 1268 243 1308 riculis
265 1282 480 1309 servavere.
514 1271 600 1308 Non
623 1271 720 1308 votis
743 1283 872 1321 neque
894 1270 1090 1321 suppliciis
1107 1270 1362 1309 muliebribus
1380 1270 1520 1309 auxilia

114 1325 278 1365 deorum
299 1332 505 1377 parantur:
535 1326 727 1376 vigilando
750 1327 902 1376 agundo
931 1327 1030 1365 bene
1059 1327 1304 1366 consulundo
1331 1339 1519 1378 prospere

112 1416 194 1448 haec
208 1417 291 1447 bona
306 1418 341 1447 in
367 1415 500 1447 tabulas
518 1416 668 1459 publicas
686 1415 778 1450 nulla

113 1461 293 1494 redierunt.

158 1505 459 1539 delicto—lubidini:
478 1507 543 1539 Das
562 1513 652 1539 erste
669 1509 778 1540 macht

113 1552 177 1584 den
210 1551 305 1584 Gcist
336 1551 499 1592 gedriickt
512 1576 520 1592 ‚
561 1553 619 1584 das
657 1554 778 1586 zweite

115 1597 217 1629 blind.
269 1596 345 1637 Vgl.
365 1597 418 1634 51,
436 1597 466 1628 3.

160 1642 213 1674 23.
238 1643 381 1685 impetus
393 1640 462 1682 fiai
476 1644 512 1673 z'n
528 1646 668 1675 vacuam.
684 1654 711 1676 ν.
726 1654 778 1687 ρ..-

114 1686 148 1719 ln
167 1687 255 1719 allen
282 1687 499 1719 Ausdriicken
529 1689 587 1720 das
620 1689 689 1721 Bild
720 1691 780 1721 der

114 1733 353 1772 gewaltsamen
365 1732 673 1774 Besitze1·greifung
690 1735 780 1766 eines

114 1778 292 1810 heri-eules
311 1778 532 1819 gewordeuen
553 1777 669 1811 Gutes.
712 1780 780 1812 Cic.

114 1833 144 1865 p.
163 1823 240 1854 Sex.
258 1823 355 1855 Rosc.
375 1823 406 1862 8,
425 1823 462 1856 21
495 1825 530 1854 in
548 1824 695 1866 reliquas
711 1835 781 1856 om-

113 1879 174 1900 nes
189 1869 354 1910 fortunas
371 1869 435 1899 iste
455 1866 491 1899 T.
507 1867 648 1901 Roscius
666 1894 674 1902 .
693 1896 699 1901 .
720 1872 782 1901 im-

111 1915 228 1956 petum
255 1914 349 1955 facit.
394 1914 490 1945 Auct.
515 1914 566 1945 ad.
586 1914 662 1947 Her.
683 1917 714 1955 4,
730 1916 782 1955 29,

114 1959 157 1990 40
185 1969 316 1990 necesse
344 1961 400 1998 est,
427 1968 503 1990 cum
528 1963 654 1992 constet
681 1962 784 1992 istum

115 2003 263 2045 fundam
287 2006 440 2035 nostrum
473 2005 595 2046 fuisse,
627 2005 782 2037 ostendas

115 2050 147 2079 te
161 2051 220 2080 aut
236 2059 375 2081 vacuum
397 2048 594 2091 possedisse,
623 2054 682 2082 aut
718 2056 781 2082 etc.

114 2093 180 2124 und
197 2094 441 2134 dannraeuum,
453 2105 528 2125 cam
539 2105 599 2136 ego
617 2095 781 2136 adessem,

114 2139 287 2180 possidere
315 2150 379 2171 non
410 2141 550 2180 potuisti
577 2145 640 2172 etc.
669 2160 700 2163 —
721 2141 782 2172 Die

115 2193 220 2224 ganzo
237 2185 456 2225 Vox-stellung
473 2185 573 2225 hiingt
591 2185 649 2217 mit
667 2186 725 2217 der
742 2197 782 2217 zu

117 2227 184 2268 lug.
202 2230 255 2269 41,
285 2232 303 2262 5
333 2230 417 2262 kurz
449 2231 695 2273 besprochenen
714 2231 782 2262 Au-

116 2274 410 2314 schauungsweise
444 2286 508 2307 von
538 2275 597 2307 der
629 2276 782 2318 Stellung

116 2317 176 2349 der
190 2329 247 2351 res
259 2321 390 2362 publica
405 2331 602 2352 zusammen.

163 2363 216 2396 24.
241 2365 432 2398 incendere:
461 2366 520 2397 der
539 2366 628 2397 lnfin.
648 2366 682 2397 in
699 2365 781 2398 frei-

119 2417 196 2440 erer
213 2409 366 2445 Consta:
387 2411 455 2451 vgl.
471 2422 512 2442 zu
530 2413 560 2451 5,
580 2413 609 2441 9.

163 2454 214 2487 25.
241 2455 332 2496 depr.
356 2457 522 2487 hostibus:
552 2456 645 2488 nicht
675 2456 780 2488 absol.

117 2497 193 2531 Abl.
212 2511 273 2532 zur
290 2502 512 2542 Bestiminung
528 2502 589 2533 der
606 2502 684 2534 Zeit
700 2503 782 2534 oder

118 2542 275 2585 Ursaehe,
306 2547 448 2577 sondern
477 2547 541 2578 wie
572 2547 626 2578 bei
651 2547 719 2578 Cic.
749 2548 780 2578 in

117 2589 214 2622 Verr.
233 2591 264 2631 2,
306 2591 356 2632 16,
386 2591 428 2622 40
458 2590 538 2632 quid
562 2592 622 2623 lzoc
650 2593 783 2624 homine

849 1418 962 1459 facias
980 1417 1087 1457 (‚‚was
1111 1417 1175 1448 soll
1204 1427 1276 1448 man
1306 1418 1366 1449 mit
1395 1417 1520 1449 diesem

851 1463 1031 1494 Menschen
1049 1462 1211 1494 machen“
1242 1463 1322 1494 oder
1353 1463 1436 1502 „mit
1454 1464 1520 1495 ihm

850 1507 1083 1548 anfangen?“)
1119 1507 1206 1549 quod
1241 1508 1443 1552 supplic-ium
1470 1508 1521 1540 di-

847 1563 955 1595 gnum
979 1551 1114 1584 libidine
1143 1555 1214 1584 eius
1244 1555 1412 1586 invenias?
1443 1554 1519 1594 vgl.

855 1608 895 1629 zu
916 1599 968 1637 55,
988 1597 1017 1628 2.

897 1643 952 1674 26.
988 1644 1219 1674 misereamini
1245 1648 1310 1675 etc.
1347 1643 1520 1676 Ironische

852 1688 1108 1728 Aufforderung.
1127 1707 1168 1711 —
1187 1689 1280 1721 Auch
1305 1689 1347 1720 im
1378 1689 1521 1731 Folgen-

853 1733 914 1764 den
934 1733 980 1764 ist
997 1733 1050 1764 die
1069 1733 1335 1776 Abwechselung
1356 1745 1421 1766 von
1449 1734 1522 1766 bei—

854 1778 990 1810 l'sender
1009 1778 1115 1810 lronie
1135 1780 1199 1811 und
1218 1780 1424 1821 alsbaldiger
1443 1790 1520 1811 ern-

855 1829 925 1855 ster
946 1823 1186 1866 §Viderlegung
1214 1825 1356 1857 iiberaus
1375 1825 1520 1857 treffend

855 1869 919 1899 und
937 1869 1107 1900 wi1·ksam,

901 1914 954 1944 27.
981 1924 1039 1945 ne:
1066 1915 1284 1955 ‚,wahrlicl1“.
1333 1914 1406 1947 Auf
1428 1915 1520 1947 diese

855 1959 1007 1991 Partikel
1025 1958 1111 2001 folgt
1130 1961 1182 1993 bei
1199 1961 1341 1999 Sallust,
1373 1961 1438 1993 wie
1467 1961 1522 1992 bei

856 2005 917 2036 den
934 2009 1035 2045 guten
1046 2005 1318 2038 Schriftstellern
1327 2007 1522 2047 uberhaupt,

854 2050 971 2081 immer
989 2051 1041 2081 ein
1062 2050 1260 2091 pronomem
1292 2051 1359 2092 vgl.
1379 2051 1446 2092 lug.
1468 2051 1520 2091 14,

855 2095 917 2134 21;
937 2095 991 2135 85,
1011 2096 1063 2128 20.

898 2144 1085 2172 convertat:
1118 2142 1261 2174 reflexiv
1278 2141 1313 2173 in
1331 2142 1402 2173 dem
1421 2141 1521 2173 Sinne

853 2186 948 2225 „sich
966 2187 1196 2227 verwandeln‚
1209 2187 1444 2226 umschlagen“
1455 2186 1522 2227 vgl.

854 2229 920 2270 lug.
940 2230 992 2270 85,
1011 2233 1040 2262 9.
1067 2249 1109 2254 —
1136 2233 1199 2264 Der
1222 2232 1314 2273 Couj.
1348 2233 1432 2264 nach
1460 2232 1522 2263 den

853 2275 1040 2307 Handschr.
1071 2276 1197 2308 wieder
1228 2277 1426 2317 hei-gestent
1456 2276 1522 2308 und

854 2321 913 2352 der
943 2321 1078 2362 hypoth.
1118 2322 1249 2354 Constr.
1289 2332 1521 2362 angvinessen3

853 2366 904 2397 die
922 2367 1044 2397 andere
1063 2366 1198 2405 Lesart‚
1214 2370 1387 2408 conver-let,
1408 2368 1521 2399 wiirde

854 2410 993 2443 freilich
1010 2411 1063 2443 die
1081 2411 1275 2452 Bedeutung
1293 2414 1349 2444 des
1366 2423 1407 2445 ne
1425 2413 1522 2444 deut-

854 2456 963 2487 licher
979 2457 1218 2489 hervortreten
1238 2458 1361 2489 lasscn.

899 2501 952 2532 29.
978 2512 1136 2544 prosper-e
1154 2527 1162 2534 .
1180 2527 1188 2534 .
1207 2528 1214 2534 .
1233 2503 1364 2534 cedant:
1384 2503 1464 2535 eben
1483 2513 1520 2535 so

854 2546 908 2622 ἐξ,
928 2547 966 2622 g:
995 2548 1055 2578 mit
1072 2548 1143 2579 dem
1160 2548 1306 2580 Adverb.
1340 2559 1437 2580 secus
1452 2547 1521 2588 lug.

901 2616 909 2632 ‚
953 2617 958 2622 .

1544 318 1586 351 22

1545 488 1586 520 23

1545 659 1589 691 24

1547 886 1589 918 26

1547 999 1588 1031 27

1547 1055 1589 1087 28

1547 1283 1588 1317 29
