1720 2875
174 125 252 166 156

659 124 692 156 C.
713 123 924 158 SALLUSTI
949 122 1083 157 CRISPI

168 239 260 266 cura
281 225 419 271 reficit,
441 225 602 264 meritos
623 225 663 264 in
686 225 842 277 proeliis
859 239 968 268 more
985 225 1146 265 militiae
1162 226 1294 273 donat,
1312 227 1518 267 univorsos
1535 228 1576 267 in

169 283 356 323 contione
376 282 507 321 laudat
526 287 643 333 atque
659 282 737 332 agit
752 284 911 333 gratias3
933 284 1124 330 hortatur,
1143 283 1189 321 ad
1206 288 1346 330 cetera,
1363 295 1462 335 quae
1478 284 1575 324 levia

167 339 264 386 sint,
295 350 430 390 parem
461 338 635 377 animum
663 344 819 389 gerant:
848 352 919 391 pro
948 339 1106 378 victoria
1134 339 1227 378 satis
1247 339 1323 378 iam
1345 346 1574 390 pugnatum,

119 407 139 439 2
167 395 336 446 reliquos
366 394 519 434 labores
547 407 618 446 pro
646 395 789 446 praeda
814 396 908 436 fore.
949 396 1097 435 Tamen
1119 395 1276 434 interim
1296 398 1516 447 transfugas
1537 403 1576 436 et

166 452 259 490 alios
281 458 546 502 opportunos,
574 451 756 502 Iugurtha
778 451 843 490 ubi
864 453 1039 504 gentium
1067 458 1131 491 aut
1161 452 1251 503 quid
1275 452 1456 503 agitaret,
1485 465 1574 492 cum

164 507 349 558 paucisne
369 513 474 546 esset
493 519 542 546 an
564 508 779 547 exercitum
800 508 982 555 haberet,
1008 514 1052 548 ut
1072 520 1157 547 sese
1177 509 1299 547 victus
1320 514 1483 560 gereret,
1504 521 1577 548 ex·-

119 574 138 606 3
164 564 360 615 ploratum
387 563 507 602 misit.
547 564 596 602 At
626 564 689 603 ille
717 577 800 603 sese
832 565 871 603 in
899 566 980 604 loca
1009 566 1179 604 saltuosa
1205 570 1243 604 et
1265 570 1402 604 natura
1425 565 1577 604 munita

163 625 375 671 receperat,
387 620 518 671 ibique
535 620 695 671 cogebat
713 621 924 661 exercitum
944 634 1110 661 numero
1128 622 1331 660 hominum
1348 622 1577 673 ampliorem

164 677 231 716 sed
252 676 433 715 hebetem
455 677 748 729 infirmumque,
771 678 852 728 agri
874 691 917 717 ac
937 679 1087 730 pecoris
1109 679 1227 729 magis
1248 690 1364 729 quam
1382 678 1472 717 belli
1493 680 1576 718 cul-

72 736 73 739 ’
116 743 137 774 4
166 740 306 773 torem.
336 733 377 771 ld
400 745 442 772 ea
462 734 585 783 gratia
607 733 820 779 eveniebat,
848 735 950 786 quod
973 740 1129 786 praeter
1149 735 1275 785 regios
1293 735 1443 785 equites
1460 747 1577 774 nemo

164 789 342 828 omnium
365 789 531 828 Numida
552 803 598 829 ex
619 790 707 842 fuga
731 802 865 841 regem
885 792 1082 842 sequitur:
1111 803 1189 842 quo
1210 791 1400 842 cuiusque
1420 791 1577 830 animus

163 846 250 893 fert,
279 859 325 885 eo
357 846 585 885 discedunt:
621 858 749 899 neque
777 848 813 885 id
842 847 1030 897 flagitium
1059 847 1214 887 militiae
1243 847 1418 891 ducitur;
1453 847 1505 886 ita
1535 860 1575 887 se

119 913 138 944 5
164 915 293 942 mores
311 901 467 941 habent.
504 903 624 953 Igitur
639 903 824 948 Metellus,
842 904 908 942 ubi
925 904 1027 943 videt
1044 905 1144 955 regis
1162 903 1278 942 etiam
1298 910 1382 942 tum
1399 904 1577 943 animum

163 959 333 998 ferocem
365 971 469 1006 esse,
502 959 646 998 bellum
675 960 866 1002 renovari,
889 961 992 1012 quod
1016 960 1091 999 nisi
1114 973 1159 998 ex
1180 960 1282 999 illius
1303 959 1476 1000 lubidine
1497 961 1577 1012 geri

157 1011 245 1054 hon
266 1021 411 1067 posset,
433 1022 634 1067 praeterea
655 1016 837 1067 iniquum
858 1023 1059 1055 certamen
1081 1016 1152 1055 sibi
1175 1028 1263 1054 cum
1282 1016 1477 1061 hostibus,
1502 1017 1577 1056 mi-

162 1083 261 1111 nore
282 1072 521 1112 detrimento
542 1073 626 1112 illos
647 1072 747 1111 vinci
768 1085 883 1124 quam
907 1085 999 1112 suos
1022 1073 1188 1119 vincere,
1210 1072 1346 1111 statuit
1362 1084 1443 1111 non
1459 1085 1573 1124 proe-

118 1135 137 1168 6
162 1128 222 1167 liis
245 1141 373 1179 neque
393 1129 494 1173 acie,
523 1130 591 1167 sed
613 1129 687 1168 alio
709 1141 817 1167 more
838 1129 983 1168 bellum
1005 1129 1237 1179 gerundum.
1279 1129 1412 1180 ltaque
1433 1129 1472 1167 in
1493 1129 1576 1169 loca

165 1185 372 1224 Numidiae
401 1185 709 1236 opulentissuma
738 1186 885 1237 pergit,
915 1197 1026 1236 agros
1054 1191 1196 1230 vastat,
1225 1186 1342 1224 multa
1364 1185 1518 1225 castella
1539 1193 1579 1226 et

166 1241 320 1292 oppida,
343 1247 491 1281 temere
513 1241 664 1280 munita
685 1248 751 1280 aut
768 1243 853 1281 sine
869 1242 1075 1293 praesidio,
1093 1242 1194 1293 capit
1208 1242 1480 1293 incenditque3
1501 1255 1576 1294 pu-

164 1297 275 1336 beres
297 1297 464 1336 interfici
485 1298 605 1343 iubet,
627 1298 700 1336 alia
722 1299 853 1337 omnia
883 1299 1049 1338 militum
1072 1299 1253 1349 praedam
1278 1311 1378 1338 esse.
1419 1298 1473 1338 Ea
1493 1299 1575 1338 for-

164 1354 311 1392 midine
341 1354 452 1393 multi
480 1355 663 1394 mortales
691 1355 878 1394 Romanis
906 1355 1026 1394 dediti
1056 1355 1230 1401 obsides;
1263 1355 1508 1394 frumentum
1538 1361 1577 1394 et

166 1410 248 1458 alia,
272 1423 372 1462 quae
395 1411 481 1449 usui
503 1411 645 1457 forent,
668 1412 827 1450 adfatim
844 1412 1035 1463 praebita3
1058 1412 1294 1463 ubicumque
1315 1423 1378 1450 res
1400 1413 1577 1463 postula-

118 1476 134 1506 τ
161 1466 239 1513 hat,
272 1467 510 1518 praesidium
540 1467 770 1518 inpositum.

830 1470 938 1516 Quae
968 1469 1121 1519 negotia
1154 1468 1276 1506 multo
1308 1468 1428 1518 magis
1459 1481 1575 1519 quam

116 1531 134 1563 S
160 1523 353 1575 proelium
376 1524 477 1563 male
498 1530 715 1575 pugnatum
735 1525 781 1564 ab
799 1525 878 1564 suis
894 1536 1026 1575 regem
1045 1524 1269 1564 terrebant:
1293 1524 1451 1576 quippe,
1464 1524 1575 1564 cuius

160 1593 250 1632 spes
271 1580 400 1619 omnis
419 1580 460 1619 in
482 1580 573 1631 fuga
595 1580 668 1619 sita
690 1586 785 1627 erat,
807 1581 917 1633 sequi
939 1581 1152 1632 cogebatur
1166 1587 1216 1625 et,
1238 1580 1304 1632 qui
1322 1593 1391 1620 sua
1407 1581 1489 1620 loca
1505 1581 1575 1620 de—

156 1646 228 1679 Tib.
244 1647 264 1679 9
280 1649 300 1687 (
309 1646 482 1688 Tiberius)
499 1650 665 1680 comatam
681 1647 831 1680 Galliam

156 1703 244 1724 anno
252 1694 335 1736 sere
352 1695 456 1725 rectit.

202 1740 290 1770 sint:
307 1742 393 1770 statt
406 1739 463 1770 des
478 1741 559 1770 sunt
573 1739 632 1770 der
646 1737 831 1771 Handschr.

203 1783 352 1825 reliquos
377 1808 385 1816 .
403 1808 410 1814 .
431 1785 559 1826 ‚soree
587 1783 663 1824 „die
692 1783 831 1824 iibrigen

163 1829 441 1870 Anstrengungen
468 1828 605 1860 wiirdeu
631 1828 722 1860 nicht
739 1830 832 1860 mehr

164 1873 326 1914 denSieg,
342 1873 400 1905 der
412 1874 513 1906 schon
528 1873 654 1905 wieder
669 1873 833 1916 erk'zimpst

164 1919 233 1958 sei,
267 1919 412 1951 soudern
445 1929 508 1950 nur
540 1919 593 1950 die
625 1918 727 1951 Beute
759 1929 832 1950 zum

164 1963 308 1997 Zwecke
325 1964 442 1996 haben.

210 2008 240 2040 2.
264 2011 434 2050 agitaret.-
457 2009 518 2040 mit
541 2009 599 2040 ubi
615 2010 773 2050 gentium
799 2009 831 2040 iu

165 2053 309 2086 anderer
336 2054 529 2094 Bedeutung
558 2054 749 2086 verbunden
779 2055 831 2086 als

165 2099 227 2131 mit
243 2098 333 2142 quid.

210 2146 240 2176 4.
266 2155 304 2177 ea
325 2146 465 2186 gratia:
487 2159 508 2170 =
529 2146 604 2176 eius
624 2145 678 2177 rei
690 2146 833 2186 gratia,-

165 2190 218 2230 80,
236 2191 274 2231 43
297 2191 356 2222 das
381 2189 534 2222 {ihnliche
558 2190 621 2221 und
645 2189 774 2231 hiiufige
791 2199 831 2221 ea

164 2245 267 2267 causa
296 2235 381 2275 (Cat.
407 2236 459 2276 52,
488 2236 518 2275 7)
548 2235 595 2267 ist
624 2235 831 2266 natiirlicher

163 2290 279 2322 wegen
312 2280 371 2312 der
398 2280 589 2320 Bedeutung
620 2290 684 2312 von
717 2290 829 2312 causa.

164 2325 417 2367 Entsprechend
434 2326 480 2357 ist
497 2326 556 2357 der
574 2325 749 2358 Gebrauch
766 2336 832 2357 von

164 2373 195 2402 is
218 2381 380 2402 numerus
404 2372 458 2412 (zu
480 2370 534 2411 35,
560 2371 591 2411 6)
616 2371 680 2402 und
706 2371 770 2411 dgl.
798 2371 830 2403 S.

164 2416 248 2448 auch
265 2426 305 2447 zu
322 2417 342 2457 ᾗ
359 2417 390 2447 6.

208 2470 303 2493 nemo
325 2470 412 2492 omn.
439 2460 607 2501 Numida;
636 2460 704 2502 vgl.
734 2461 785 2498 19,
811 2461 829 2492 7

158 2505 317 2549 pleraque
340 2516 386 2537 eoe
403 2506 542 2538 Punicis
559 2505 702 2550 ορρίᾶας
726 2506 779 2544 30,
799 2506 829 2537 4.

162 2569 205 2574 —
218 2551 279 2583 Die
292 2550 369 2584 Les.
381 2550 607 2583 Numidarum
623 2552 669 2584 ist
682 2551 832 2592 weniger

161 2600 221 2637 gut
238 2596 442 2638 heglaubigt.

947 1659 993 1679 θα·
1019 1648 1128 1691 faga:
1159 1647 1228 1680 Der
1253 1647 1335 1679 Sinn
1362 1647 1423 1679 ist:
1457 1646 1569 1681 Wenn

903 1693 957 1725 die
974 1692 1068 1726 Num.
1097 1692 1202 1725 haben
1227 1693 1343 1724 ssiehen
1362 1693 1509 1734 miissen,
1535 1704 1571 1726 so

904 1738 1052 1778 gebietet
1084 1738 1181 1770 ihnen
1201 1738 1256 1770 die
1273 1737 1358 1769 Sitte
1378 1738 1483 1778 nicht,
1500 1739 1573 1770 sich

904 1794 967 1814 von
995 1783 1055 1815 der
1071 1783 1190 1815 Flucht
1215 1793 1274 1815 aus
1293 1782 1418 1814 wieder
1442 1794 1494 1815 um
1512 1784 1574 1815 den

903 1827 1014 1870 lizinig
1039 1839 1079 1860 zu
1104 1828 1259 1861 sammeln
1284 1828 1349 1859 und
1368 1828 1434 1860 ihm
1452 1839 1492 1860 zu
1510 1828 1575 1861 fol-

904 1884 979 1914 gen,
1010 1873 1153 1906 sondern
1184 1874 1231 1905 sie
1260 1874 1364 1914 gehen
1389 1874 1498 1905 wnhin
1524 1873 1574 1906 sie

905 1919 1039 1951 wolleu.

952 1965 980 1995 5.
1007 1963 1130 1996 bellum
1162 1989 1168 1995 .
1194 1989 1201 1995 .
1230 1963 1334 2006 quod:
1362 1963 1442 2005 „ein
1468 1962 1575 2004 Krieg

904 2019 969 2041 von
988 2009 1048 2041 der
1065 2009 1140 2050 Art,
1158 2010 1235 2041 dass
1253 2019 1290 2041 er
1307 2013 1370 2041 etc.

949 2055 1037 2086 acie:
1056 2058 1140 2086 statt
1153 2055 1211 2087 des
1224 2057 1260 2086 z'n
1273 2057 1345 2087 acie
1357 2054 1416 2086 der
1429 2054 1573 2086 meisten

903 2100 1086 2132 Handschr.
1121 2099 1195 2141 vgl.
1214 2101 1268 2140 97,
1286 2102 1316 2131 4.

949 2146 979 2177 6.
1022 2147 1164 2176 temere:
1199 2145 1307 2186 „ohne
1340 2143 1572 2186 Ueberlegung

903 2191 967 2222 und
986 2189 1086 2221 daher
1102 2190 1370 2222 unordentlicw.

947 2245 985 2266 ea
993 2234 1202 2278 formidine:
1221 2234 1447 2278 :formidine
1461 2231 1507 2267 ἔξω
1522 2236 1575 2267 eis

902 2281 1002 2312 rebus
1018 2283 1109 2319 orla3
1135 2291 1218 2321 ganz
1237 2280 1479 2323 entsprechend
1499 2279 1572 2313 dem

904 2335 967 2367 quo
991 2325 1143 2357 tumultu
1166 2326 1238 2367 Cat.
1255 2326 1309 2366 43,
1333 2326 1370 2366 23
1395 2336 1457 2368 quo
1479 2328 1572 2357 metu

904 2370 972 2411 lug.
994 2372 1066 2410 114,
1088 2371 1115 2402 l.

951 2416 980 2448 8.
1005 2417 1140 2457 qm‘ppe,
1163 2417 1262 2447 cuius
1284 2420 1348 2448 etc.
1390 2415 1450 2447 Die
1475 2416 1572 2448 Satz-

903 2458 1028 2502 fiigung
1045 2470 1128 2501 ganz
1146 2461 1209 2492 wie
1228 2460 1297 2493 Cat.
1321 2461 1371 2502 13,
1387 2461 1418 2492 2.

947 2516 1009 2537 saa
1034 2505 1124 2538 loca:
1147 2520 1168 2532 =
1192 2506 1310 2538 idonea
1326 2509 1356 2538 et
1371 2507 1440 2537 sibi
1453 2515 1574 2549 oppor-

890 2553 986 2591 'taqza
995 2550 1064 2582 loca
1071 2564 1083 2590 ‚·
1095 2552 1240 2583 uachhcr
1248 2551 1372 2583 alienis
1378 2550 1571 2592 dasGegen-

902 2596 1002 2636 thei13
1027 2597 1092 2636 vgl.
1114 2598 1167 2636 61,
1189 2598 1222 2637 1;
1241 2598 1295 2639 66,
1316 2599 1342 2630 1.
1364 2613 1406 2620 --
1424 2597 1518 2628 Auch
1534 2596 1571 2628 in
