1720 2875
392 94 447 125 DE
471 93 610 125 BELLO
634 91 834 126 1118113111.
885 92 920 125 c.
948 92 1134 126 107—109.
1394 92 1474 130 213

74 197 170 236 chus
206 196 325 234 fidum
355 207 440 234 esse
465 195 650 234 Romanis
679 194 812 232 multis
849 199 939 233 ante
966 193 1262 244 tempestatibus
1290 199 1474 244 expertus

76 253 162 291 ilico
179 252 224 290 ad
243 251 389 290 Sullam
408 252 632 290 nuntiatum
649 250 782 289 mittit:
804 255 980 300 paratum
992 262 1078 288 sese
1093 250 1222 288 facere
1233 262 1332 301 quae
1348 261 1476 300 popu-

75 309 135 348 lus
145 309 345 347 Romanus
361 309 472 346 vellet
486 321 495 353 ;
511 307 719 358 conloquio
733 306 834 344 diem
852 307 979 345 locum
989 312 1145 357 tempus
1161 306 1244 357 ipse
1260 306 1476 356 delegerat:

75 365 251 404 consulta
273 376 357 403 sese
378 364 507 403 omnia
525 376 612 402 cum
630 363 693 401 illo
710 363 861 412 integra
875 362 1038 404 habere:
1056 375 1133 400 neu
1150 362 1356 413 Iugurthae
1373 363 1478 412 lega-

77 428 160 459 tum
175 421 480 471 pertimesceret,
503 420 521 437 *
539 420 556 438 *
573 419 592 437 *
609 419 627 437 *
649 431 726 469 quo
743 430 804 457 res
823 418 1043 457 communis
1060 418 1239 457 licentius
1256 424 1478 469 gereretur:

76 489 167 515 nam
192 477 238 515 ab
260 476 410 515 insidiis
432 476 514 514 eius
535 476 643 514 aliter
665 475 789 513 caveri
809 475 1044 526 nequitisse.
1079 474 1154 512 Sed
1177 487 1244 525 ego
1262 474 1481 525 comperior
1507 481 1523 507 ³2

76 534 274 572 Bocchum
295 532 419 582 magis
442 532 587 570 Punica
603 531 678 569 fide
696 543 810 582 quam
831 531 879 569 ob
898 544 953 573 ea,
973 543 1069 582 quae
1086 531 1342 581 praedicabat,
1365 531 1481 569 simul

75 590 297 628 Romanum
333 594 370 626 et
400 588 607 626 Numidam
645 600 713 638 spe
741 588 847 638 pacis
881 587 1087 626 attinuisse
1120 588 1363 638 multumque
1393 600 1482 625 cum

78 645 206 683 animo
233 656 303 683 suo
333 644 483 682 volvere
513 644 692 688 solitum,
721 644 947 694 Iugurtham
970 643 1156 682 Romanis
1186 656 1233 682 an
1255 643 1309 681 illi
1331 643 1480 681 Sullam

74 701 265 740 traderet:
295 700 510 739 lubidinem
541 700 743 738 advorsum
767 713 851 739 nos.
884 706 1032 738 metum
1068 712 1139 750 pro
1161 700 1275 738 nohis
1297 700 1479 738 suasisse.

74 757 195 808 Igitur
233 757 336 795 Sulla
366 757 567 807 respondit
598 769 719 807 pauca
751 768 879 794 coram
908 757 1052 807 Aspare
1079 757 1320 801 locuturum,
1349 761 1475 794 cetera
1497 760 1570 794 109

75 814 224 852 occulte
238 818 303 851 aut
319 813 424 852 nullo
437 818 503 851 aut
514 825 629 863 quam
639 812 895 864 paucissumis
906 813 1176 863 praesentibus
1189 826 1197 857 ς
1215 813 1329 850 simul
1342 812 1478 851 edocet

75 883 174 921 quae
194 869 267 908 sibi
288 869 634 920 responderentur.
688 868 898 919 Postquam
930 869 1043 906 sicuti
1075 869 1246 906 voluerat
1269 868 1478 918 congressi.
1506 872 1522 902 *Ξ

76 925 169 964 dicit
190 938 231 964 se
252 926 416 964 missum
443 937 462 963 3
484 926 643 963 consule
674 925 828 963 venisse
849 925 1068 975 quaesitum
1098 925 1144 962 ab
1167 937 1234 969 e0,
1264 937 1401 975 pacem
1429 936 1480 963 311

75 982 220 1021 bellum
242 982 455 1032 agitaturus
483 984 596 1020 foret.
645 982 676 1019 T
681 994 747 1020 um
776 993 845 1020 rex
873 981 928 1033 uti
960 987 1212 1032 praeceptum
1238 983 1365 1020 fuerat
1392 985 1481 1032 post
1508 982 1525 1013 3

78 1038 177 1076 diem
201 1038 411 1076 decumum
430 1038 557 1076 redire
579 1037 706 1075 iubet:
729 1050 772 1076 ac.
793 1037 889 1076 nibil
906 1038 1019 1076 etiam
1044 1043 1127 1076 tum
1151 1037 1382 1083 decrevisse,
1413 1037 1483 1075 sed

80 1095 143 1132 illo
165 1095 228 1133 die
248 1106 543 1144 responsurum.
574 1094 722 1132 Deinde
744 1094 858 1132 ambo
886 1094 928 1132 in
956 1107 1024 1132 sua
1047 1100 1170 1132 castra
1193 1094 1355 1144 digressi
1375 1100 1480 1132 sunt.

79 1151 155 1189 Sed
167 1151 232 1189 ubi
245 1151 474 1201 plerumque
488 1150 613 1188 noctis
624 1150 825 1201 processit,
839 1150 943 1189 Sulla
964 1163 983 1188 a
995 1150 1145 1189 Boccho
1159 1151 1307 1189 occulte
1318 1150 1482 1189 arcessi·
1505 1153 1525 1183 4

77 1213 161 1252 ἐιη-ς
184 1207 231 1245 ab
255 1212 422 1257 utroque
442 1213 596 1245 tantum
618 1207 735 1245 modo
758 1206 821 1244 fidi
839 1206 1072 1257 interpretes
1095 1206 1343 1252 adhibentur,
1364 1218 1479 1257 prae-

77 1268 185 1301 terea
209 1263 336 1301 Dabar
356 1263 642 1307 internuntius,
679 1268 838 1301 sanctus
859 1263 917 1301 vir
937 1271 975 1301 et
997 1275 1042 1301 ex
1064 1263 1260 1301 sententia
1290 1262 1478 1302 ambobus

77 1320 132 1357 Ac
151 1319 282 1358 statim
305 1319 360 1357 sic
380 1330 447 1357 rex
468 1319 622 1370 incipit:

123 1409 152 1440 2.
179 1412 322 1451 tempus:
342 1408 524 1447 ‚,Stunde²‘.

121 1453 272 1486 consulta
299 1460 361 1486 etc.
381 1454 508 1485 bezieht
526 1454 597 1485 sich
615 1455 675 1485 aul'
689 1454 742 1486 die

77 1510 105 1531 c.
139 1499 200 1532 102
231 1499 424 1530 erwiihnten
452 1499 742 1540 νει-3338133583.

78 1544 145 1575 Β33
168 1544 293 1575 (13111313
316 1545 377 1575 mit
394 1543 487 1575 Sulla
505 1544 743 1585 Besprocbene,

79 1593 153 1629 sag‘t
177 1589 340 1627 Bocchus,
369 1589 418 1620 sei
442 1587 495 1619 ffir
520 1589 574 1619 ihu
604 1589 685 1620 noch
710 1589 744 1620 in

815 1409 896 1449 (vgl.
917 1409 991 1449 109,
1013 1410 1042 1442 1)
1067 1411 1248 1449 gestanden
1265 1410 1379 1451 haben,
1405 1410 1478 1442 eine

815 1454 962 1494 Aufruge
992 1455 1072 1486 oder
1101 1456 1153 1486 eiu
1181 1455 1383 1496 Vni-schlag,
1414 1456 1479 1487 wie

816 1501 874 1531 der
883 1499 1050 1531 Gesandte
1063 1501 1279 1532 unseh‘a‘dlich
1292 1512 1332 1531 zu
1345 1501 1479 1532 macheu

815 1545 879 1576 und
907 1555 976 1576 was
1005 1556 1044 1575 zu
1073 1546 1153 1576 tbun
1179 1545 1250 1577 sein
1275 1546 1398 1587 werde,
1426 1556 1481 1577 um

817 1591 928 1621 hinter
945 1590 1068 1621 seinem
1082 1589 1215 1621 Riicken
1234 1590 1286 1622 die
1300 1591 1405 1622 Sache
1424 1602 1481 1622 uu—

78 1634 189 1665 voller
217 1633 373 1673 Geitungg
405 1634 491 1665 noch
521 1634 638 1665 1131381·
669 1635 743 1664 8138

77 1689 133 1710 res
163 1680 368 1718 eommunis,
400 1679 467 1709 und
499 1679 602 1710 durch
631 1680 743 1720 spiiter

79 1722 311 1756 Gescheheues
329 1724 420 1754 nicht
437 1723 586 1755 beriihrt.

122 1779 187 1800 neu
205 1793 211 1800 .
231 1793 237 1799 .
257 1792 264 1799 .
281 1771 468 1810 gereretur:
491 1768 552 1800 Die
570 1768 675 1800 Stelle
698 1769 743 1800 ist

76 1812 280 1845 liickenhaft.
311 1814 372 1844 Die
399 1813 518 1845 §Vorte
543 1824 604 1855 quo
622 1838 629 1844 .
649 1838 657 1844 .
681 1824 743 1855 ge-

76 1861 208 1891 reretur
229 1858 357 1890 heil'seu
379 1859 509 1898 „damit
525 1859 578 1890 die
595 1859 742 1900 gemein-

79 1913 167 1936 33138
194 1904 299 1935 838118
332 1904 426 1934 desto
459 1902 563 1935 freier
589 1904 655 1934 und
683 1914 743 1934 un-

78 1948 230 1988 genirter
254 1948 426 1987 (licentius)
452 1949 626 1980 betrieben
653 1958 742 1980 wer—

78 1994 139 2025 den
167 1993 316 2032 kiinne“;
345 1993 385 2024 ob
414 1993 494 2024 aber
516 1993 586 2025 dies
611 1993 662 2032 313
687 1994 742 2025 eiu

79 2037 236 2070 Gedanke
253 2039 310 2070 des
325 2038 419 2069 Sulla
432 2038 512 2069 oder
524 2039 581 2070 des
596 2039 742 2070 Bocchus

78 2082 291 2114 aufzufassen
314 2083 378 2121 ist,
407 2083 512 2115 bleibt
537 2082 744 2115 zweifelhaft

78 2128 143 2159 und
169 2128 295 2160 miisste
320 2129 392 2160 sich
409 2138 468 2159 3113
487 2129 548 2159 1183
564 2127 742 2160 fehlenden

79 2172 224 2205 Worten
246 2173 400 2213 ergeben.
439 2173 484 2204 lm
509 2178 621 2206 ersten
648 2173 742 2205 Falle

78 2218 201 2249 kiinnte
228 2228 302 2249 man
330 2218 402 2249 dem
419 2218 521 2250 Sinue
549 2219 631 2250 33811
656 2224 743 2250 etwa

79 2265 140 2294 aut
161 2272 238 2294 eum
259 2264 463 2306 prohibitum
486 2263 580 2295 vellet
602 2264 652 2295 als
670 2274 745 2295 aus-

79 2307 223 2349 gefallen
241 2310 432 2348 annehmen,
457 2319 510 2340 wo
529 2309 613 2340 11333
631 2319 692 2350 quo
710 2333 717 2340 .
737 2332 744 2340 .

73 2355 254 2394 gereretur
267 2353 329 2384 den
337 2363 402 2384 von
410 2354 503 2385 Sulla
524 2354 747 2394 beabsichtig-

78 2402 136 2429 teu
153 2397 277 2429 Zweck
305 2398 451 2430 deutlich
466 2408 574 2439 genug
590 2399 746 2431 bezeich-

80 2452 143 2474 nen
160 2443 291 2481 wiirde3
310 2443 355 2474 im
371 2444 514 2475 zweiten
532 2444 655 2476 ktinnte
671 2445 746 2475 hier

80 2488 153 2520 eine
170 2488 307 2529 Angabe
332 2487 414 2519 iiber
435 2488 493 2520 das
516 2489 570 2521 bei
587 2489 646 2520 der
664 2489 747 2520 Ver-

80 2532 248 2573 handlung
276 2533 532 2565 einzuhaltende
559 2533 745 2566 Ver-fabren

816 1635 967 1675 genirter
998 1646 1038 1665 zu
1071 1635 1259 1667 heti-eiben:
1294 1635 1327 1666 in
1357 1636 1482 1667 diesem

817 1680 918 1711 Sinne
930 1679 1092 1711 hutHritz
1107 1680 1367 1721 dieErg'tinzung
1377 1681 1483 1712 durch

816 1724 894 1756 velle
905 1736 939 1755 se
951 1724 1066 1756 deinde
1078 1728 1200 1757 secreto
1211 1735 1284 1756 eum
1299 1728 1370 1768 ipso
1379 1736 1481 1767 agere

815 1770 1089 1810 vorgeschlagen.

859 1825 936 1846 nam
947 1839 954 1846 .
964 1840 971 1846 .
979 1816 1180 1856 nequivisse.-
1194 1815 1286 1856 giebt
1295 1815 1356 1846 den
1366 1815 1480 1848 Grund

814 1858 869 1891 fiir
891 1860 943 1891 die
961 1860 1149 1901 Zulassuug
1173 1861 1229 1892 des
1248 1859 1325 1892 Ges.
1351 1870 1392 1891 33
1415 1860 1482 1891 11311

815 1905 909 1936 stellt
942 1905 1092 1937 dieselbe
1125 1905 1175 1937 als
1208 1906 1481 1946 nothgedrungen

814 1950 878 1981 und
896 1950 946 1982 als
962 1950 1034 1981 eine
1054 1950 1228 1991 Handlung
1245 1951 1305 1982 der
1321 1951 1482 1983 Vorsicht

815 1995 890 2035 dar3
907 1994 1008 2026 aliter
1020 2010 1035 2020 =
1053 1997 1121 2026 nisi
1134 1995 1337 2027 admittendo
1362 1995 1480 2037 legato.

860 2040 890 2071 3.
915 2041 1118 2082 comperior:
1134 2040 1200 2071 wie
1217 2041 1271 2078 45,
1292 2042 1319 2071 1.

860 2086 988 2116 Punica
1007 2085 1099 2126 fide:
1123 2085 1198 2116 Liv.
1216 2086 1270 2126 42,
1288 2086 1343 2124 47,
1362 2086 1379 2116 7
1403 2086 1482 2117 lzaec

814 2130 968 2162 Romana
985 2141 1066 2169 esse,
1083 2140 1147 2161 uon
1164 2132 1395 2162 versutiarum
1413 2130 1481 2162 Pn-

813 2176 966 2206 nicarum
990 2185 1092 2216 neque
1113 2174 1302 2207 calliditatis
1327 2174 1479 2216 Graecae,

814 2219 907 2262 apud
933 2230 1012 2261 quos
1036 2219 1159 2261 fallere
1181 2221 1304 2252 hostem
1329 2231 1425 2261 quam
1452 2222 1484 2251 vi

817 2275 980 2308 superare
987 2265 1172 2306 gloriosius
1185 2266 1304 2305 fuerit.
1323 2266 1481 2306 Bocchus,

818 2311 853 2342 in
876 2310 999 2342 diesem
1016 2310 1243 2351 Augenblicke
1262 2311 1345 2341 noch
1362 2315 1482 2342 unent-

819 2355 1007 2393 schlossen,
1046 2355 1203 2386 handelte
1235 2365 1340 2396 gegen
1371 2355 1478 2396 beide,

818 2399 911 2431 Sulla
928 2400 993 2431 und
1010 2400 1184 2440 Jugurtha,
1201 2400 1384 2432 unehrlich.

862 2446 1056 2476 attinuisse:
1073 2445 1141 2485 vgl.
1160 2445 1216 2476 Or.
1235 2445 1318 2477 Phil.
1340 2445 1389 2477 16.

865 2483 955 2521 109.
981 2490 1011 2521 2.
1036 2489 1197 2522 voluerat:
1221 2490 1357 2532 Subject
1378 2489 1481 2522 Sulla.

864 2534 894 2566 3.
919 2545 976 2567 ac:
993 2535 1099 2577 suppl.
1117 2534 1214 2575 dit-iu
1238 2536 1305 2576 vgl.
1324 2546 1365 2567 zu
1381 2536 1433 2577 25,
1451 2537 1481 2575 5,
