1720 2875
466 117 521 149 DE
548 117 689 150 BELLO
711 117 909 151 IUCURTH.
959 118 994 150 C.
1021 118 1163 151 88—90.
1423 119 1500 158 193

83 230 228 265 rarum,
248 218 381 269 inopia
402 218 476 257 cibi
498 219 642 263 acrior;
663 219 711 257 ad
732 220 807 257 hoc
828 223 964 258 natura
982 220 1241 270 serpentium,
1263 219 1344 270 ipsa
1361 220 1497 270 perni-

84 274 201 321 ciosa,
224 274 289 313 siti
310 275 432 324 magis
453 287 570 326 quam
593 275 664 313 alia
684 287 726 312 re
748 274 986 313 accenditur.
1017 275 1111 314 Eius
1130 276 1310 326 potiundi
1330 275 1496 315 Marium
1523 285 1542 317 6

81 343 266 370 maxuma
289 331 430 381 cupido
450 332 655 375 invaserat,
677 343 765 369 cum
784 336 945 381 propter
959 343 1077 370 usum
1092 331 1195 374 belli,
1218 338 1303 370 tum
1327 333 1415 383 quia
1431 344 1496 371 res

82 398 218 438 aspera
241 386 444 426 videbatur
465 392 503 425 et
522 386 701 425 Metellus
723 386 911 437 oppidum
933 387 1095 425 Thalam
1128 400 1269 438 magna
1291 388 1409 438 gloria
1433 401 1498 427 ce-

80 448 204 494 perat,
226 443 329 481 haud
352 443 592 481 dissimiliter
609 442 724 481 situm
744 443 1036 494 munitumque,
1059 444 1135 482 nisi
1153 444 1256 495 quod
1274 445 1374 494 apud
1393 444 1495 484 Tha-

80 499 157 538 lam
178 510 259 538 non
279 499 395 549 longe
415 512 436 538 a
457 499 834 550 moenibus'aliquot
855 499 984 538 fontes
1007 505 1120 538 erant
1134 530 1142 545 ,
1175 500 1391 550 Capsenses
1417 513 1496 539 una

81 556 199 594 modo
220 560 336 605 atque
358 567 399 593 ea
421 555 523 593 intra
541 555 729 605 oppidum
747 555 826 604 iugi
843 568 953 606 aqua,
977 561 1104 594 cetera
1121 556 1250 606 pluvia
1269 556 1493 595 utebantur.

80 611 122 650 ld
142 611 272 662 ibique
296 616 335 649 et
355 611 396 649 in
419 611 527 649 omni
547 611 689 658 Africa,
711 624 810 662 quae
828 612 965 661 procul
987 624 1007 650 a
1025 612 1124 650 mari
1140 611 1328 651 incultius
1344 613 1494 662 agebat,
1525 623 1543 653 7

81 679 126 705 eo
147 667 298 706 facilius
319 667 571 713 tolerabatur,
595 667 683 718 quia
700 667 891 706 Numidae
912 668 1147 719 plerumque
1180 669 1279 707 lacte
1312 674 1350 706 et
1371 669 1497 707 ferina

79 734 193 762 carne
214 723 473 762 vescebantur
495 729 534 762 et
554 735 684 774 neque
707 724 826 762 salem
856 736 986 773 neque
1016 724 1086 762 alia
1109 724 1361 763 inritamenta
1383 726 1495 774 gulae

78 778 340 830 quaerebant:
363 779 473 818 cibus
494 780 568 817 illis
587 780 775 818 advorsus
793 781 936 818 famem
954 785 1070 830 atque
1087 780 1207 825 sitim,
1229 792 1310 818 non
1327 780 1493 819 lubidini
1520 784 1538 816 8

79 847 208 886 neque
228 835 405 874 luxuriae
426 840 521 874 erat.
552 835 677 885 Igitur
693 836 829 874 consul
851 835 1034 874 omnibus
1053 836 1278 886 exploratis,
1299 837 1414 875 credo
1433 836 1492 874 dis
1514 841 1569 876 90

77 891 213 938 fretus,
236 914 290 919 -
313 902 404 930 nam
423 896 559 930 contra
576 897 706 929 tantas
722 891 971 930 difficultates
994 891 1157 930 consilio
1175 892 1267 930 satis
1284 893 1493 942 providere

77 959 160 986 non
182 952 352 998 poterat,
390 948 534 998 quippe
566 948 682 986 etiam
713 948 903 986 frumenti
930 947 1059 998 inopia
1091 948 1373 998 temptabatur,
1403 949 1493 999 quia

78 1003 270 1042 Numidae
292 1003 433 1054 pabulo
456 1004 607 1054 pecoris
629 1004 751 1054 magis
773 1016 889 1055 quam
909 1015 1000 1041 arvo
1018 1003 1179 1042 student
1207 1010 1245 1042 et
1274 1004 1495 1055 quodcum-

77 1072 154 1111 que
175 1066 313 1099 natum
336 1061 462 1099 fuerat
482 1060 594 1098 iussu
614 1060 717 1110 regis
744 1060 785 1097 in
812 1060 895 1098 loca
928 1059 1078 1098 munita
1106 1061 1370 1108 contulerant,
1404 1072 1494 1110 ager

77 1121 209 1155 autem
232 1116 364 1154 aridus
386 1121 424 1154 et
445 1116 603 1166 frugum
624 1128 769 1154 vacuus
793 1128 836 1154 ea
856 1120 1110 1166 tempestate;
1132 1128 1225 1154 nam
1248 1116 1402 1155 aestatis
1425 1129 1494 1155 ex-

75 1177 250 1211 tremum
273 1178 357 1211 erat
377 1195 431 1199 —-
450 1178 584 1211 tamen
605 1184 676 1222 pro
698 1172 756 1211 rei
777 1172 887 1222 copia
916 1172 1008 1210 satis
1037 1172 1292 1222 providenter
1312 1178 1494 1211 exornat:

76 1240 197 1279 pecus
218 1241 347 1275 omne,
370 1229 474 1279 quod
496 1227 765 1279 superioribus
787 1228 925 1266 diebus
947 1228 1114 1278 praedae
1136 1228 1274 1274 fuerat,
1297 1228 1493 1279 equitibus
1519 1231 1538 1262 2

76 1285 286 1324 auxiliariis
307 1285 507 1334 agundum
532 1284 728 1331 attribuit3
744 1285 786 1322 A.
804 1284 990 1323 Manlium
1013 1284 1183 1333 legatum
1206 1297 1293 1323 cum
1318 1284 1489 1323 cohorti-

75 1340 149 1380 bus
170 1340 362 1392 expeditis
384 1341 429 1379 ad
453 1340 640 1391 oppidum
661 1340 782 1385 Laris,
804 1340 869 1378 ubi
893 1340 1135 1390 stipendium
1165 1346 1204 1378 et
1227 1346 1490 1379 commeatum

75 1397 280 1442 locaverat,
303 1397 360 1435 ire
380 1397 489 1435 iubet
509 1397 680 1446 dicitque
701 1409 743 1435 se
764 1396 1088 1447 praedabundum
1119 1402 1209 1446 post
1239 1409 1384 1446 paucos
1407 1397 1490 1434 dies

76 1453 216 1492 eodem
244 1459 468 1492 venturum.
521 1453 586 1491 Sic
612 1453 769 1504 incepto
798 1464 870 1491 suo
899 1452 1091 1491 occultato
1121 1452 1248 1503 pergit
1269 1453 1316 1491 ad
1338 1453 1489 1491 flumen

819 1554 986 1585 bauendes
1005 1553 1134 1585 Laud&
1183 1553 1242 1585 Die
1260 1553 1363 1594 Folge
1382 1555 1490 1586 davon

819 1599 866 1631 ist
884 1598 1192 1642 Getreidemangel.

864 1646 977 1675 tamen
996 1648 1060 1675 etc.
1111 1643 1178 1674 Der
1204 1643 1491 1683 Zusammenhang

72 1556 291 1596 Verbindung
313 1558 374 1587 init
396 1556 459 1586 den
482 1555 745 1586 verschiedenen

72 1600 515 1640 Praedicatbestimmungen
550 1600 617 1639 vgl.
650 1611 680 1631 u.
715 1610 744 1631 a.

75 1647 129 1686 64,
148 1647 167 1677 5
185 1646 250 1677 und
266 1656 308 1676 zu
326 1645 396 1677 Cat.
420 1646 449 1685 1,
468 1646 508 1684 43
527 1645 558 1684 2,
578 1644 607 1676 2.

119 1703 152 1734 6.
176 1712 278 1734 usum
295 1701 388 1734 hellt:
405 1712 446 1732 zu
464 1701 519 1742 84,
537 1701 568 1732 3.

118 1760 213 1801 iugi:
228 1760 323 1800 iugis
335 1768 424 1799 aqua
451 1758 497 1789 ist
526 1757 736 1797 „dauerndes

74 1804 267 1844 (anhaltend
283 1803 490 1846 quellendes)
510 1802 689 1835 XVasser‘fi

119 1863 247 1893 cetera.-
265 1859 410 1891 niimlich
427 1869 528 1900 aqua.

121 1916 152 1946 7.
190 1914 331 1956 agebat:
370 1913 628 1953 ungewtihnlich
666 1923 745 1944 vom

73 1959 188 1992 Laude
205 1958 388 2000 gebraucht
404 1958 468 1989 wie
485 1963 580 1989 sonst
597 1968 663 1989 von
681 1958 744 1989 den

73 2004 267 2036 Menschen.
293 2003 385 2034 Doch
413 2003 516 2034 denkt
544 2003 626 2034 Sall.
656 2003 741 2043 hier,

74 2059 128 2081 wo
146 2060 210 2081 von
243 2049 303 2079 der
330 2047 531 2088 geringeren
560 2047 745 2079 Nothwen-

75 2094 204 2135 digkeit
222 2094 280 2124 des
305 2092 563 2124 Trinkwassers
581 2092 635 2123 die
653 2091 744 2124 Rede

74 2140 132 2181 ist,
160 2137 414 2180 hauptsiichlicb
442 2147 483 2168 an
512 2137 567 2168 die
584 2136 744 2167 Einwoh—

74 2195 146 2217 ner.
179 2184 272 2215 Eben
291 2193 327 2214 so
346 2182 405 2222 Ep.
436 2182 546 2223 Pomp.
578 2181 597 2212 9
631 2180 743 2213 Gallia

76 2254 83 2261 .
104 2253 110 2260 .
127 2228 230 2260 malis
256 2227 430 2270 fructibus
447 2229 525 2268 ipsa
543 2228 603 2258 vise
618 2228 742 2268 agitat.

123 2267 189 2306 90.
218 2275 246 2306 1.
282 2272 422 2304 consilio
450 2274 518 2303 sat.
545 2270 743 2314 providere:

76 2318 267 2360 gegeniiber
290 2317 350 2350 der
379 2316 543 2357 gehofften
573 2315 597 2347 F
602 2317 742 2356 iirsorge

77 2364 138 2395 der
155 2362 287 2394 Gotter.

121 2408 362 2449 temptabatur:
385 2417 447 2447 „er
462 2406 580 2438 wurde
597 2406 744 2446 heimge-

78 2454 209 2485 sucht“.

119 2497 238 2540 pabulo
269 2501 333 2528 etc.
369 2496 453 2537 „sie
492 2502 612 2537 tragen
650 2496 743 2527 mehr

79 2542 184 2583 sorge
200 2542 256 2574 fiir
275 2541 488 2574 Viebweiden
504 2541 555 2573 als
570 2540 626 2573 fiir
643 2551 744 2572 anzu—

150 2597 265 2623 Sallust.
303 2600 328 2623 5.
349 2596 425 2622 Aufl.

819 1690 879 1720 der
896 1698 1023 1729 ganzen
1041 1688 1185 1720 Perinde
1203 1688 1250 1719 ist
1275 1688 1404 1719 dieser:
1431 1688 1490 1719 der

820 1733 944 1765 Consul
977 1733 1106 1764 machte
1139 1733 1243 1764 daher
1282 1734 1368 1764 nach
1398 1733 1490 1763 Aus-

819 1777 1087 1818 kundschaftung
1105 1777 1193 1809 aller
1212 1777 1405 1817 Umsffiude,
1433 1777 1491 1808 ob—

817 1823 929 1864 gleich
948 1823 1006 1854 das
1026 1822 1272 1856 Unternehmen
1299 1822 1389 1854 wohl
1407 1822 1490 1853 iiber

817 1868 1040 1899 menschliche
1072 1866 1172 1898 Kraft
1208 1867 1410 1907 hinausging
1448 1885 1491 1889 —

818 1913 903 1944 deun
944 1913 998 1943 die
1032 1911 1338 1952 Schwie1·igkeiten
1373 1921 1491 1943 waren

816 1956 997 1997 iibergrol's
1026 1975 1069 1979 —
1103 1957 1188 1988 doch
1217 1957 1259 1987 im
1290 1957 1490 1989 Verb'altnis

817 2013 859 2033 zu
876 2003 937 2033 den
966 2001 1202 2033 vorhandenen
1225 2001 1363 2033 Mitteln
1395 2003 1492 2033 recht

816 2047 1033 2086 vorsoi-glich
1074 2046 1326 2086 Zuriistungen.
1381 2045 1492 2078 Ueber

816 2094 910 2134 copia
924 2102 965 2122 zu
983 2092 1065 2130 39‚5
1081 2101 1088 2128 3
1107 2100 1278 2123 ear-ornare
1295 2091 1341 2122 ist
1355 2090 1490 2122 absolut

816 2136 1010 2177 gebraucffl,
1027 2136 1093 2167 wie
1113 2135 1220 2167 b'l‘ters
1235 2146 1374 2178 parare.

863 2182 893 2212 2.
919 2179 1042 2212 Laris.-
1076 2180 1137 2211 Die
1164 2181 1261 2212 stadt
1294 2180 1400 2212 Lares
1433 2180 1490 2220 lag

816 2226 983 2257 zwischen
1001 2225 1098 2257 Sicca
1123 2226 1187 2256 und
1213 2226 1326 2266 Zama,
1355 2235 1395 2256 an
1431 2225 1490 2257 der

817 2271 1004 2311 Ostgrenze
1022 2281 1086 2302 von
1103 2270 1297 2310 Numidien,
1327 2275 1416 2302 etwa
1447 2270 1489 2301 30

816 2326 930 2357 geogr.
964 2315 1058 2346 Meil.
1096 2315 1251 2346 nb‘rdlich
1276 2326 1339 2346 von
1370 2315 1487 2358 Capsa.

818 2362 861 2392 So
879 2359 995 2391 wurde
1013 2359 1066 2390 die
1090 2358 1399 2391 Aufmerksanikeit
1431 2361 1487 2392 des

816 2405 959 2437 Feindes
989 2403 1049 2435 auf
1074 2405 1171 2435 einen
1201 2405 1283 2436 weit
1311 2404 1488 2446 abgelege-

816 2460 879 2481 nen
904 2448 1015 2481 Punkt
1030 2450 1214 2489 gewendet.

866 2493 1024 2526 Tanain.-
1065 2492 1220 2526 Genaues
1257 2494 1341 2526 iiber
1372 2495 1487 2527 diesen

816 2540 917 2572 Fluss
934 2539 981 2571 ist
997 2539 1090 2570 nicht
1106 2539 1262 2570 bekannt.

1209 2597 1251 2629 13
