1720 2875
155 258 176 289 3

210 143 288 184 134
693 143 728 176 C.
753 143 963 177 SALLUSTI
982 143 1116 176 CRISPI

204 251 241 286 et
264 246 425 285 iniurias
449 246 576 285 omnis
597 246 775 286 munitus
795 249 909 286 foret.
949 246 998 285 At.
1019 246 1058 285 C.
1080 245 1289 286 Memmius
1310 247 1494 288 advocata
1516 259 1612 287 con-

201 302 322 342 tione,
345 314 584 353 quamquam
606 303 687 354 regi
708 303 848 342 infesta
866 302 998 355 plebes
1020 308 1102 342 erat
1123 309 1162 342 et
1183 315 1273 354 pars
1294 303 1335 342 in
1355 305 1504 344 vincula
1523 305 1613 344 duci

201 358 373 402 iubebat,
397 370 500 409 pars,
517 359 591 397 nisi
615 360 742 398 socios
759 360 915 399 sceleris
937 360 997 398 sui
1017 359 1198 410 aperiret,
1221 372 1329 398 more
1351 361 1543 400 maiorum
1564 362 1617 400 de

201 416 314 454 hoste
337 415 571 465 supplicium
593 416 708 461 sumi,
729 416 904 467 dignitati
928 428 1043 467 quam
1066 416 1144 455 irae
1165 416 1288 466 magis
1317 417 1526 457 consulens
1547 430 1611 457 se-

203 472 293 510 dare
310 477 441 510 motus
459 477 498 510 et
519 471 669 511 animos
688 485 824 512 eorum
842 472 1013 519 mollire3
1029 478 1228 523 postremo
1247 473 1478 512 confirmare
1494 473 1611 513 fidem

201 527 395 579 publicam
418 540 489 579 per
518 540 603 567 sese
638 529 861 568 inviolatam
884 529 978 567 fore.
1024 529 1130 575 Post,
1154 528 1220 568 ubi
1249 529 1450 568 silentium
1471 530 1612 581 coepit,

202 583 392 635 producto
413 584 598 634 iugurtha
615 585 729 624 verba
746 585 856 624 facit:
876 585 1022 624 Romae
1038 584 1322 636 Numidiaeque
1339 586 1511 625 facinora
1530 587 1618 626 eius

202 645 407 685 memorat,
428 641 572 680 scelera
594 641 635 680 in
656 647 807 693 patrem
828 641 1049 692 fratresque
1072 642 1261 688 ostendit;
1284 642 1425 693 quibus
1445 642 1614 682 iuvanti-

201 696 277 735 bus
297 696 518 748 quibusque
535 698 725 736 ministris
747 710 789 736 ea
812 697 948 748 egerit,
970 710 1205 748 quamquam
1226 698 1424 750 intellegat
1443 699 1614 750 populus

201 753 416 798 Romanus,
438 759 571 792 tamen
592 755 689 793 velle
706 754 925 793 manufesta
948 754 1068 805 magis
1091 767 1137 792 ex
1156 754 1221 793 illo
1243 754 1406 802 habere,
1421 755 1453 794 si
1475 768 1614 794 verum

202 810 365 860 aperiat,
387 809 426 848 in
448 810 524 849 fide
542 816 579 849 et
596 810 804 850 clementia
821 811 956 862 populi
972 811 1139 849 Romani
1157 822 1337 861 magnam
1359 824 1468 863 spem
1487 812 1541 850 illi
1558 812 1612 850 si·-

202 872 304 913 tam3
326 866 387 904 sin
408 867 583 912 reticeat,
601 879 683 906 non
699 867 815 906 sociis
833 867 949 906 saluti
969 868 1066 914 fore,
1088 867 1153 906 sed
1173 880 1213 906 se
1235 880 1402 919 suasque
1419 880 1507 919 spes
1525 880 1612 907 cor·

128 927 181 962 34
201 928 426 974 rupturum.
457 923 618 969 Deinde,
632 924 697 963 ubi
718 923 926 963 Memmius
946 924 1105 963 dicundi
1122 924 1241 962 finem
1264 924 1354 963 fecit
1371 930 1409 963 et
1425 923 1613 976 Iugurtha

153 1214 171 1244 2

126 1379 178 1413 35

204 979 445 1030 respondere
466 979 596 1019 iussus
619 986 691 1025 est,
709 980 747 1020 C.
766 979 936 1019 Baebius
958 980 1138 1019 tribunus
1160 980 1296 1031 plebis,
1315 993 1432 1032 quem
1449 981 1614 1032 pecunia

204 1041 431 1087 corruptum
454 1048 572 1087 supra
594 1037 772 1083 diximus,
790 1049 921 1088 regem
943 1043 1073 1076 tacere
1093 1036 1219 1081 iubet3
1236 1050 1279 1076 ae
1299 1038 1456 1076 tametsi
1478 1037 1612 1077 multi-

203 1092 312 1137 tudo,
334 1104 432 1142 quae
452 1093 494 1132 in
516 1093 700 1132 contione
721 1093 866 1137 aderat,
882 1093 1137 1132 vehementer
1158 1106 1319 1133 accensa
1335 1094 1507 1133 terrebat
1521 1106 1613 1134 eum

203 1149 373 1188 clamore
395 1149 513 1194 voltu,
535 1162 652 1201 saepe
674 1149 825 1200 impetu
853 1155 968 1200 atque
993 1149 1078 1188 aliis
1113 1149 1297 1188 omnibus
1320 1162 1420 1202 quae
1447 1150 1504 1189 ira
1530 1150 1618 1189 fieri

199 1211 316 1250 amat,
337 1205 427 1243 vicit
454 1211 586 1244 tamen
613 1206 854 1256 inpudentia.
915 1206 968 1245 lta
994 1207 1162 1257 populus
1192 1206 1360 1245 ludibrio
1385 1206 1539 1246 habitus
1567 1218 1615 1246 ex

199 1261 387 1300 contione
405 1261 587 1301 discedit:
606 1262 1058 1314 IugurthaeBestiaeque
1074 1269 1111 1301 et
1129 1263 1280 1309 ceteris,
1297 1275 1394 1314 quos
1411 1263 1474 1302 illa
1491 1275 1613 1315 quae-

201 1317 276 1356 stio
301 1317 529 1369 exagitabat,
552 1319 673 1357 animi
695 1324 921 1370 augescunt.

312 1374 406 1413 Erat
427 1387 469 1413 ea
486 1380 722 1426 tempestate
739 1375 886 1414 Romae
897 1375 1064 1414 Numida
1082 1375 1240 1426 quidam
1259 1376 1419 1414 nomine
1435 1375 1613 1421 Massiva,

203 1430 391 1470 Gulussae
412 1430 527 1477 lilius,
544 1432 768 1471 Masinissae
789 1443 927 1483 nepos,
945 1432 1025 1483 qui,
1044 1432 1133 1483 quia
1151 1432 1189 1470 in
1213 1432 1457 1471 dissensione
1474 1444 1617 1483 regum,

201 1545 314 1578 seiner
330 1546 520 1579 Sichcrheit
544 1546 577 1578 in
605 1547 676 1578 dem
693 1547 871 1578 Beschluss

201 1591 415 1631 bestii-luen,
454 1592 515 1623 den
558 1591 701 1624 Baebius
739 1603 779 1623 zu
811 1592 870 1624 be-

203 1637 354 1668 stechen.

248 1681 280 1713 3.
306 1681 468 1724 dignitati
482 1686 546 1713 etc.
570 1681 648 1723 vgl.
669 1681 740 1714 Cat.
767 1683 821 1723 51,
841 1681 871 1713 7.

244 1737 305 1768 per
333 1737 423 1758 sese:
453 1742 467 1753 =
497 1730 661 1769 quantum
695 1729 728 1758 in
758 1738 793 1759 se
820 1738 871 1759 es-

207 1775 268 1804 set.
571 1781 576 1786 ·

246 1817 280 1848 4.
321 1816 500 1858 producto.-
541 1817 755 1849 technisclier
787 1818 871 1849 Aus-

203 1862 307 1939 -Fuck
326 1872 390 1893 von
409 1863 492 1902 dem,
505 1861 564 1893 dei·
582 1861 759 1894 ausssefehl
778 1863 871 1895 eines

203 1907 210 1917 '
233 1907 374 1939 ribunen
392 1906 426 1938 in
443 1908 503 1938 der
516 1906 872 1949 Volksversammlung

205 1953 372 1994 erschien,
390 1962 442 1984 um
460 1951 705 1985 Rechenschast
723 1953 805 1985 iiber
821 1959 871 1986 et-

204 2008 276 2030 was
294 2008 334 2029 zu
352 1998 468 2038 geben.

248 2041 513 2084 Numidiaeque:
540 2053 580 2073 zu
610 2042 663 2081 28,
688 2044 718 2074 6.
743 2061 785 2066 —-
803 2043 872 2074 Au-

203 2088 349 2120 l'serdem
392 2088 436 2120 ist
470 2087 523 2119 die
554 2086 667 2120 liiirze
702 2088 759 2119 des
785 2088 871 2120 Aus-

203 2133 327 2165 drueks
359 2134 475 2173 „seine
504 2132 634 2165 Thaten
667 2133 698 2165 in
728 2131 808 2165 Rom
839 2145 871 2165 u.

202 2178 322 2211 Num.“
341 2189 382 2210 zu
398 2177 592 2210 bemerken:
612 2178 692 2210 eben
711 2189 747 2210 so
761 2179 872 2219 gleich

203 2224 327 2256 darauf
349 2223 475 2256 scelera
503 2225 537 2255 in
563 2226 696 2265 putrem
722 2224 872 2265 fratres-

202 2279 275 2311 que.

244 2313 339 2346 velle:
355 2314 494 2346 n‘zimlich
507 2314 678 2355 populum,
697 2314 732 2346 in
750 2315 869 2346 dessen

202 2357 329 2390 Namen
348 2359 522 2391 Memmius
539 2359 644 2391 redet.

248 2413 313 2436 non
343 2406 445 2436 sociis
473 2404 533 2436 sal.
553 2405 659 2446 sore.-
688 2404 767 2436 weil
795 2414 870 2436 man

203 2449 369 2490 niimlich,
409 2450 475 2481 wie
508 2449 633 2482 voi-her
663 2454 783 2490 gesagt
813 2450 871 2490 ist,

202 2493 295 2526 diese
326 2495 428 2526 sehon
457 2494 575 2526 kenne.
618 2493 748 2526 Memm.
782 2500 872 2527 setzt

202 2539 265 2570 mit
282 2538 387 2571 Recht
403 2550 538 2580 vorans,
559 2540 636 2572 dass
653 2539 706 2572 bei
724 2540 872 2573 dieser

202 2583 443 2626 x‘erhandluug
474 2585 534 2616 der
562 2584 688 2617 Zweck
719 2595 785 2617 von
810 2585 871 2616 Ju-

947 1546 1085 1587 gurthas
1109 1545 1321 1588 {Schweigen
1361 1546 1615 1588 hauptsiichlich

947 1592 1001 1624 die
1018 1591 1167 1631 Rettung
1199 1592 1312 1624 seiner
1341 1592 1530 1624 riimischen
1549 1591 1617 1624 Ge-

947 1647 1070 1669 nossen
1090 1637 1162 1668 sein
1180 1637 1306 1668 wiirde.
1336 1645 1348 1671 h

990 1699 1060 1738 34.
1089 1707 1116 1738 1.
1143 1715 1226 1746 quae
1250 1729 1257 1736 .
1286 1729 1294 1737 .
1313 1729 1320 1736 .
1345 1707 1453 1737 amat:
1478 1704 1614 1745 Subject

947 1751 992 1782 ist
1010 1752 1074 1782 ira.
1109 1750 1169 1782 Die
1187 1749 1318 1782 Constr.
1337 1761 1402 1782 von
1420 1760 1537 1783 omar-e
1552 1751 1617 1782 mit

947 1796 1019 1827 dem
1050 1795 1128 1827 Ace.
1149 1806 1177 1827 c.
1202 1794 1260 1826 inf.
1279 1795 1324 1826 ist
1343 1795 1617 1836 eigenthiimlich,

946 1841 1009 1872 und
1028 1840 1173 1872 dadurch
1192 1851 1232 1872 zu
1251 1840 1416 1879 erkl’aren,
1441 1840 1518 1873 dass
1535 1851 1612 1872 amo

946 1886 1019 1917 eine
1036 1886 1094 1917 mit
1109 1886 1216 1927 placet
1233 1886 1320 1917 mihi
1341 1886 1420 1917 oder
1444 1886 1512 1918 volo
1536 1895 1615 1918 ver-

943 1931 1077 1963 wandte
1091 1931 1283 1972 Bedeutung
1297 1931 1462 1971 annimmt‚
1481 1932 1515 1963 in
1531 1930 1616 1962 wel-

945 1977 1023 2008 cher
1052 1987 1088 2008 es
1105 1976 1188 2008 auch
1205 1977 1265 2008 mit
1282 1976 1353 2008 dem
1380 1976 1473 2009 Nom.
1507 1988 1535 2008 c.
1553 1975 1613 2008 inf.

945 2022 1052 2059 steht;
1084 2022 1118 2053 in
1147 2021 1310 2062 gleichem
1329 2021 1430 2053 Sinne
1456 2022 1548 2054 steht
1577 2031 1618 2054 es

944 2067 1005 2098 mit
1022 2067 1093 2098 dem
1109 2065 1238 2099 blossen
1249 2065 1370 2099 Aecus.
1389 2067 1498 2108 41,‘3;
1517 2066 1613 2099 beide

946 2111 1079 2144 Constr.
1099 2111 1203 2144 neben
1228 2111 1389 2144 einander
1406 2111 1485 2144 Hor.
1503 2111 1614 2143 Cat-m.

950 2159 976 2197 1,
1005 2157 1035 2197 2,
1053 2157 1097 2189 49
1116 2157 1168 2190 hic
1185 2166 1326 2199 magnos
1347 2158 1464 2198 potius
1491 2158 1613 2189 tn'um-
1629 2196 1635 2201 .

942 2203 1027 2245 phos
1040 2227 1048 2243 ‚
1081 2203 1134 2234 hic
1164 2213 1260 2234 ames
1291 2201 1359 2234 dici
1386 2205 1484 2244 pater
1514 2205 1619 2244 atque

941 2249 1110 2290 princeps.

990 2312 1057 2350 35.
1086 2316 1114 2347 1.
1139 2323 1176 2345 ea
1195 2315 1406 2356 tempestate:
1424 2312 1490 2358 Qus
1499 2313 1613 2347 bisher

943 2359 1106 2392 Erziihlte
1122 2359 1261 2399 gehiirte
1284 2359 1369 2390 noch
1394 2358 1428 2390 in
1452 2357 1510 2391 das
1527 2360 1613 2392 Con—

944 2404 1130 2444 sulatsjahr
1158 2404 1215 2436 des
1247 2403 1371 2436 Bestia.
1435 2403 1508 2436 Von
1536 2405 1615 2437 hier

944 2461 984 2482 an
1010 2451 1089 2491 geht
1117 2449 1200 2481 Sall.
1229 2459 1269 2481 zu
1298 2449 1359 2481 den
1392 2447 1616 2490 Ereignisseu.

944 2496 1002 2527 des
1020 2495 1102 2536 l'olg.
1119 2495 1239 2527 Jahres
1253 2496 1318 2527 644
1337 2493 1428 2538 (110)
1444 2495 1538 2528 iiber.

993 2539 1172 2573 Gulussae:
1191 2550 1217 2571 s.
1238 2542 1268 2580 5,
1286 2541 1316 2572 6.

943 2619 946 2624 ,
991 2585 1063 2617 cled.
1085 2585 1197 2618 Cirta.-
1215 2586 1282 2626 vgl.
1300 2596 1328 2617 e.
1346 2584 1402 2618 26.
